%YAML 1.1
%TAG !u! tag:unity3d.com,2011:
--- !u!1 &100690
GameObject:
  m_ObjectHideFlags: 1
  m_PrefabParentObject: {fileID: 0}
  m_PrefabInternal: {fileID: 100100000}
  serializedVersion: 4
  m_Component:
  - 4: {fileID: 462256}
  m_Layer: 0
  m_Name: BWheel_02
  m_TagString: Untagged
  m_Icon: {fileID: 0}
  m_NavMeshLayer: 0
  m_StaticEditorFlags: 0
  m_IsActive: 1
--- !u!1 &102882
GameObject:
  m_ObjectHideFlags: 1
  m_PrefabParentObject: {fileID: 0}
  m_PrefabInternal: {fileID: 100100000}
  serializedVersion: 4
  m_Component:
  - 4: {fileID: 453464}
  m_Layer: 0
  m_Name: steering
  m_TagString: Untagged
  m_Icon: {fileID: 0}
  m_NavMeshLayer: 0
  m_StaticEditorFlags: 0
  m_IsActive: 1
--- !u!1 &107650
GameObject:
  m_ObjectHideFlags: 0
  m_PrefabParentObject: {fileID: 0}
  m_PrefabInternal: {fileID: 100100000}
  serializedVersion: 4
  m_Component:
  - 4: {fileID: 495972}
  - 137: {fileID: 13770446}
  m_Layer: 0
  m_Name: Scooter
  m_TagString: Untagged
  m_Icon: {fileID: 0}
  m_NavMeshLayer: 0
  m_StaticEditorFlags: 0
  m_IsActive: 0
--- !u!1 &110250
GameObject:
  m_ObjectHideFlags: 1
  m_PrefabParentObject: {fileID: 0}
  m_PrefabInternal: {fileID: 100100000}
  serializedVersion: 4
  m_Component:
  - 4: {fileID: 478128}
  m_Layer: 0
  m_Name: BWheel_04
  m_TagString: Untagged
  m_Icon: {fileID: 0}
  m_NavMeshLayer: 0
  m_StaticEditorFlags: 0
  m_IsActive: 1
--- !u!1 &112350
GameObject:
  m_ObjectHideFlags: 0
  m_PrefabParentObject: {fileID: 0}
  m_PrefabInternal: {fileID: 100100000}
  serializedVersion: 4
  m_Component:
  - 4: {fileID: 495778}
  - 137: {fileID: 13754298}
  m_Layer: 0
  m_Name: Scoot_03
  m_TagString: Untagged
  m_Icon: {fileID: 0}
  m_NavMeshLayer: 0
  m_StaticEditorFlags: 0
  m_IsActive: 0
--- !u!1 &119806
GameObject:
  m_ObjectHideFlags: 0
  m_PrefabParentObject: {fileID: 0}
  m_PrefabInternal: {fileID: 100100000}
  serializedVersion: 4
  m_Component:
  - 4: {fileID: 422740}
  - 137: {fileID: 13740588}
  m_Layer: 0
  m_Name: Scoot_05
  m_TagString: Untagged
  m_Icon: {fileID: 0}
  m_NavMeshLayer: 0
  m_StaticEditorFlags: 0
  m_IsActive: 0
--- !u!1 &121442
GameObject:
  m_ObjectHideFlags: 1
  m_PrefabParentObject: {fileID: 0}
  m_PrefabInternal: {fileID: 100100000}
  serializedVersion: 4
  m_Component:
  - 4: {fileID: 483578}
  m_Layer: 0
  m_Name: BWheel
  m_TagString: Untagged
  m_Icon: {fileID: 0}
  m_NavMeshLayer: 0
  m_StaticEditorFlags: 0
  m_IsActive: 1
--- !u!1 &123786
GameObject:
  m_ObjectHideFlags: 1
  m_PrefabParentObject: {fileID: 0}
  m_PrefabInternal: {fileID: 100100000}
  serializedVersion: 4
  m_Component:
  - 4: {fileID: 482392}
  m_Layer: 0
  m_Name: BWheel_03
  m_TagString: Untagged
  m_Icon: {fileID: 0}
  m_NavMeshLayer: 0
  m_StaticEditorFlags: 0
  m_IsActive: 1
--- !u!1 &128840
GameObject:
  m_ObjectHideFlags: 0
  m_PrefabParentObject: {fileID: 0}
  m_PrefabInternal: {fileID: 100100000}
  serializedVersion: 4
  m_Component:
  - 4: {fileID: 432458}
  - 137: {fileID: 13757226}
  m_Layer: 0
  m_Name: Scoot_02
  m_TagString: Untagged
  m_Icon: {fileID: 0}
  m_NavMeshLayer: 0
  m_StaticEditorFlags: 0
  m_IsActive: 0
--- !u!1 &130332
GameObject:
  m_ObjectHideFlags: 1
  m_PrefabParentObject: {fileID: 0}
  m_PrefabInternal: {fileID: 100100000}
  serializedVersion: 4
  m_Component:
  - 4: {fileID: 403392}
  m_Layer: 0
  m_Name: FWheel_02
  m_TagString: Untagged
  m_Icon: {fileID: 0}
  m_NavMeshLayer: 0
  m_StaticEditorFlags: 0
  m_IsActive: 1
--- !u!1 &139640
GameObject:
  m_ObjectHideFlags: 1
  m_PrefabParentObject: {fileID: 0}
  m_PrefabInternal: {fileID: 100100000}
  serializedVersion: 4
  m_Component:
  - 4: {fileID: 448412}
  m_Layer: 0
  m_Name: propeller
  m_TagString: Untagged
  m_Icon: {fileID: 0}
  m_NavMeshLayer: 0
  m_StaticEditorFlags: 0
  m_IsActive: 1
--- !u!1 &141474
GameObject:
  m_ObjectHideFlags: 0
  m_PrefabParentObject: {fileID: 0}
  m_PrefabInternal: {fileID: 100100000}
  serializedVersion: 4
  m_Component:
  - 4: {fileID: 411526}
  - 111: {fileID: 11173848}
  m_Layer: 0
  m_Name: Scooter2
  m_TagString: Untagged
  m_Icon: {fileID: 0}
  m_NavMeshLayer: 0
  m_StaticEditorFlags: 0
  m_IsActive: 1
--- !u!1 &143168
GameObject:
  m_ObjectHideFlags: 1
  m_PrefabParentObject: {fileID: 0}
  m_PrefabInternal: {fileID: 100100000}
  serializedVersion: 4
  m_Component:
  - 4: {fileID: 437216}
  m_Layer: 0
  m_Name: FWheel_05
  m_TagString: Untagged
  m_Icon: {fileID: 0}
  m_NavMeshLayer: 0
  m_StaticEditorFlags: 0
  m_IsActive: 1
--- !u!1 &148360
GameObject:
  m_ObjectHideFlags: 0
  m_PrefabParentObject: {fileID: 0}
  m_PrefabInternal: {fileID: 100100000}
  serializedVersion: 4
  m_Component:
  - 4: {fileID: 400432}
  - 137: {fileID: 13700540}
  m_Layer: 0
  m_Name: Scoot_01
  m_TagString: Untagged
  m_Icon: {fileID: 0}
  m_NavMeshLayer: 0
  m_StaticEditorFlags: 0
  m_IsActive: 0
--- !u!1 &153332
GameObject:
  m_ObjectHideFlags: 1
  m_PrefabParentObject: {fileID: 0}
  m_PrefabInternal: {fileID: 100100000}
  serializedVersion: 4
  m_Component:
  - 4: {fileID: 441052}
  m_Layer: 0
  m_Name: BWheel_01
  m_TagString: Untagged
  m_Icon: {fileID: 0}
  m_NavMeshLayer: 0
  m_StaticEditorFlags: 0
  m_IsActive: 1
--- !u!1 &163564
GameObject:
  m_ObjectHideFlags: 0
  m_PrefabParentObject: {fileID: 0}
  m_PrefabInternal: {fileID: 100100000}
  serializedVersion: 4
  m_Component:
  - 4: {fileID: 422188}
  - 137: {fileID: 13729890}
  m_Layer: 0
  m_Name: Scoot_04
  m_TagString: Untagged
  m_Icon: {fileID: 0}
  m_NavMeshLayer: 0
  m_StaticEditorFlags: 0
  m_IsActive: 1
--- !u!1 &173622
GameObject:
  m_ObjectHideFlags: 1
  m_PrefabParentObject: {fileID: 0}
  m_PrefabInternal: {fileID: 100100000}
  serializedVersion: 4
  m_Component:
  - 4: {fileID: 456646}
  m_Layer: 0
  m_Name: BWheel_05
  m_TagString: Untagged
  m_Icon: {fileID: 0}
  m_NavMeshLayer: 0
  m_StaticEditorFlags: 0
  m_IsActive: 1
--- !u!1 &179022
GameObject:
  m_ObjectHideFlags: 1
  m_PrefabParentObject: {fileID: 0}
  m_PrefabInternal: {fileID: 100100000}
  serializedVersion: 4
  m_Component:
  - 4: {fileID: 432330}
  m_Layer: 0
  m_Name: FWheel_03
  m_TagString: Untagged
  m_Icon: {fileID: 0}
  m_NavMeshLayer: 0
  m_StaticEditorFlags: 0
  m_IsActive: 1
--- !u!1 &181474
GameObject:
  m_ObjectHideFlags: 1
  m_PrefabParentObject: {fileID: 0}
  m_PrefabInternal: {fileID: 100100000}
  serializedVersion: 4
  m_Component:
  - 4: {fileID: 481790}
  m_Layer: 0
  m_Name: FWheel_04
  m_TagString: Untagged
  m_Icon: {fileID: 0}
  m_NavMeshLayer: 0
  m_StaticEditorFlags: 0
  m_IsActive: 1
--- !u!1 &182260
GameObject:
  m_ObjectHideFlags: 1
  m_PrefabParentObject: {fileID: 0}
  m_PrefabInternal: {fileID: 100100000}
  serializedVersion: 4
  m_Component:
  - 4: {fileID: 405506}
  m_Layer: 0
  m_Name: FWheel
  m_TagString: Untagged
  m_Icon: {fileID: 0}
  m_NavMeshLayer: 0
  m_StaticEditorFlags: 0
  m_IsActive: 1
--- !u!1 &183896
GameObject:
  m_ObjectHideFlags: 1
  m_PrefabParentObject: {fileID: 0}
  m_PrefabInternal: {fileID: 100100000}
  serializedVersion: 4
  m_Component:
  - 4: {fileID: 481994}
  m_Layer: 0
  m_Name: FWheel_01
  m_TagString: Untagged
  m_Icon: {fileID: 0}
  m_NavMeshLayer: 0
  m_StaticEditorFlags: 0
  m_IsActive: 1
--- !u!1 &196786
GameObject:
  m_ObjectHideFlags: 0
  m_PrefabParentObject: {fileID: 0}
  m_PrefabInternal: {fileID: 100100000}
  serializedVersion: 4
  m_Component:
  - 4: {fileID: 483326}
  m_Layer: 0
  m_Name: ScooterRoot
  m_TagString: Untagged
  m_Icon: {fileID: 0}
  m_NavMeshLayer: 0
  m_StaticEditorFlags: 0
  m_IsActive: 1
--- !u!4 &400432
Transform:
  m_ObjectHideFlags: 1
  m_PrefabParentObject: {fileID: 0}
  m_PrefabInternal: {fileID: 100100000}
  m_GameObject: {fileID: 148360}
  m_LocalRotation: {x: 0.000000047078487, y: -0.7071068, z: 0.000000047078487, w: 0.7071068}
  m_LocalPosition: {x: -0.000000014435486, y: 0, z: 0}
  m_LocalScale: {x: 1, y: 1, z: 1}
  m_Children: []
  m_Father: {fileID: 411526}
  m_RootOrder: 0
--- !u!4 &403392
Transform:
  m_ObjectHideFlags: 1
  m_PrefabParentObject: {fileID: 0}
  m_PrefabInternal: {fileID: 100100000}
  m_GameObject: {fileID: 130332}
  m_LocalRotation: {x: -0.00000071518957, y: 0.000000021431118, z: -0.05661226, w: 0.9983963}
  m_LocalPosition: {x: 0.1495909, y: 0.00006093025, z: -0.000000019846759}
  m_LocalScale: {x: 1.0000001, y: 1.0000001, z: 1}
  m_Children: []
  m_Father: {fileID: 453464}
  m_RootOrder: 2
--- !u!4 &405506
Transform:
  m_ObjectHideFlags: 1
  m_PrefabParentObject: {fileID: 0}
  m_PrefabInternal: {fileID: 100100000}
  m_GameObject: {fileID: 182260}
  m_LocalRotation: {x: -0.00000071518957, y: 0.000000021431118, z: -0.05661226, w: 0.9983963}
  m_LocalPosition: {x: 0.1652238, y: -0.0052204416, z: -0.00000001121614}
  m_LocalScale: {x: 1.0000001, y: 1.0000001, z: 1}
  m_Children: []
  m_Father: {fileID: 453464}
  m_RootOrder: 0
--- !u!4 &411526
Transform:
  m_ObjectHideFlags: 1
  m_PrefabParentObject: {fileID: 0}
  m_PrefabInternal: {fileID: 100100000}
  m_GameObject: {fileID: 141474}
  m_LocalRotation: {x: 0, y: 0, z: 0, w: 1}
  m_LocalPosition: {x: 0, y: 0, z: 0}
  m_LocalScale: {x: 1, y: 1, z: 1}
  m_Children:
  - {fileID: 400432}
  - {fileID: 432458}
  - {fileID: 495778}
  - {fileID: 422188}
  - {fileID: 422740}
  - {fileID: 495972}
  - {fileID: 483326}
  m_Father: {fileID: 0}
  m_RootOrder: 0
--- !u!4 &422188
Transform:
  m_ObjectHideFlags: 1
  m_PrefabParentObject: {fileID: 0}
  m_PrefabInternal: {fileID: 100100000}
  m_GameObject: {fileID: 163564}
  m_LocalRotation: {x: 0.000000047078487, y: -0.7071068, z: 0.000000047078487, w: 0.7071068}
  m_LocalPosition: {x: -0.000000014435486, y: 0, z: 0.0019686436}
  m_LocalScale: {x: 1, y: 1, z: 1}
  m_Children: []
  m_Father: {fileID: 411526}
  m_RootOrder: 3
--- !u!4 &422740
Transform:
  m_ObjectHideFlags: 1
  m_PrefabParentObject: {fileID: 0}
  m_PrefabInternal: {fileID: 100100000}
  m_GameObject: {fileID: 119806}
  m_LocalRotation: {x: 1.060302e-24, y: 0.7071068, z: 0.7071068, w: 8.659561e-17}
  m_LocalPosition: {x: -0.000000014435486, y: 0, z: 0.0019686436}
  m_LocalScale: {x: 1, y: 1, z: 1}
  m_Children: []
  m_Father: {fileID: 411526}
  m_RootOrder: 4
--- !u!4 &432330
Transform:
  m_ObjectHideFlags: 1
  m_PrefabParentObject: {fileID: 0}
  m_PrefabInternal: {fileID: 100100000}
  m_GameObject: {fileID: 179022}
  m_LocalRotation: {x: -0.00000071518957, y: 0.000000021431118, z: -0.05661226, w: 0.9983963}
  m_LocalPosition: {x: 0.16075, y: 0.0000058746336, z: -0.000000019811141}
  m_LocalScale: {x: 1.0000001, y: 1.0000001, z: 1}
  m_Children: []
  m_Father: {fileID: 453464}
  m_RootOrder: 3
--- !u!4 &432458
Transform:
  m_ObjectHideFlags: 1
  m_PrefabParentObject: {fileID: 0}
  m_PrefabInternal: {fileID: 100100000}
  m_GameObject: {fileID: 128840}
  m_LocalRotation: {x: 0.000000047078487, y: -0.7071068, z: 0.000000047078487, w: 0.7071068}
  m_LocalPosition: {x: -0.000000014435486, y: 0, z: 0.0019686436}
  m_LocalScale: {x: 1, y: 1, z: 1}
  m_Children: []
  m_Father: {fileID: 411526}
  m_RootOrder: 1
--- !u!4 &437216
Transform:
  m_ObjectHideFlags: 1
  m_PrefabParentObject: {fileID: 0}
  m_PrefabInternal: {fileID: 100100000}
  m_GameObject: {fileID: 143168}
  m_LocalRotation: {x: -0.00000071518957, y: 0.000000021431118, z: -0.05661226, w: 0.9983963}
  m_LocalPosition: {x: 0.1549045, y: -0.00012694359, z: -0.00000001956327}
  m_LocalScale: {x: 1.0000001, y: 1.0000001, z: 1}
  m_Children: []
  m_Father: {fileID: 453464}
  m_RootOrder: 5
--- !u!4 &441052
Transform:
  m_ObjectHideFlags: 1
  m_PrefabParentObject: {fileID: 0}
  m_PrefabInternal: {fileID: 100100000}
  m_GameObject: {fileID: 153332}
  m_LocalRotation: {x: 2.7390796e-19, y: 6.081979e-35, z: 2.2204463e-16, w: 1}
  m_LocalPosition: {x: -0.020628389, y: -0.09971208, z: 0.000000003876754}
  m_LocalScale: {x: 1, y: 0.9999999, z: 0.9999999}
  m_Children: []
  m_Father: {fileID: 483326}
  m_RootOrder: 1
--- !u!4 &448412
Transform:
  m_ObjectHideFlags: 1
  m_PrefabParentObject: {fileID: 0}
  m_PrefabInternal: {fileID: 100100000}
  m_GameObject: {fileID: 139640}
  m_LocalRotation: {x: 0, y: 0.000000061817246, z: 0.7071068, w: 0.7071068}
  m_LocalPosition: {x: -0.0961003, y: -0.09445511, z: 4.938272e-15}
  m_LocalScale: {x: 0.9999999, y: 1, z: 0.9999999}
  m_Children: []
  m_Father: {fileID: 483326}
  m_RootOrder: 6
--- !u!4 &453464
Transform:
  m_ObjectHideFlags: 1
  m_PrefabParentObject: {fileID: 0}
  m_PrefabInternal: {fileID: 100100000}
  m_GameObject: {fileID: 102882}
  m_LocalRotation: {x: 0.00000080139125, y: 0.000000045441368, z: 0.056612164, w: 0.9983963}
  m_LocalPosition: {x: -0.18790552, y: 0.11016166, z: -1.7799095e-14}
  m_LocalScale: {x: 1, y: 0.9999999, z: 0.9999999}
  m_Children:
  - {fileID: 405506}
  - {fileID: 481994}
  - {fileID: 403392}
  - {fileID: 432330}
  - {fileID: 481790}
  - {fileID: 437216}
  m_Father: {fileID: 483326}
  m_RootOrder: 7
--- !u!4 &456646
Transform:
  m_ObjectHideFlags: 1
  m_PrefabParentObject: {fileID: 0}
  m_PrefabInternal: {fileID: 100100000}
  m_GameObject: {fileID: 173622}
  m_LocalRotation: {x: 2.7390796e-19, y: 6.081979e-35, z: 2.2204463e-16, w: 1}
  m_LocalPosition: {x: -0.020653738, y: -0.08987346, z: 0.0000000034466938}
  m_LocalScale: {x: 1, y: 0.9999999, z: 0.9999999}
  m_Children: []
  m_Father: {fileID: 483326}
  m_RootOrder: 5
--- !u!4 &462256
Transform:
  m_ObjectHideFlags: 1
  m_PrefabParentObject: {fileID: 0}
  m_PrefabInternal: {fileID: 100100000}
  m_GameObject: {fileID: 100690}
  m_LocalRotation: {x: 2.7390796e-19, y: 6.081979e-35, z: 2.2204463e-16, w: 1}
  m_LocalPosition: {x: -0.02811911, y: -0.101222, z: 0.000000003942769}
  m_LocalScale: {x: 1, y: 0.9999999, z: 0.9999999}
  m_Children: []
  m_Father: {fileID: 483326}
  m_RootOrder: 2
--- !u!4 &478128
Transform:
  m_ObjectHideFlags: 1
  m_PrefabParentObject: {fileID: 0}
  m_PrefabInternal: {fileID: 100100000}
  m_GameObject: {fileID: 110250}
  m_LocalRotation: {x: 2.7390796e-19, y: 6.081979e-35, z: 2.2204463e-16, w: 1}
  m_LocalPosition: {x: -0.02730735, y: -0.1035422, z: 0.000000004044186}
  m_LocalScale: {x: 1, y: 0.9999999, z: 0.9999999}
  m_Children: []
  m_Father: {fileID: 483326}
  m_RootOrder: 4
--- !u!4 &481790
Transform:
  m_ObjectHideFlags: 1
  m_PrefabParentObject: {fileID: 0}
  m_PrefabInternal: {fileID: 100100000}
  m_GameObject: {fileID: 181474}
  m_LocalRotation: {x: -0.00000071518957, y: 0.000000021431118, z: -0.05661226, w: 0.9983963}
  m_LocalPosition: {x: 0.1616855, y: 0.00038969988, z: -0.00000002044861}
  m_LocalScale: {x: 1.0000001, y: 1.0000001, z: 1}
  m_Children: []
  m_Father: {fileID: 453464}
  m_RootOrder: 4
--- !u!4 &481994
Transform:
  m_ObjectHideFlags: 1
  m_PrefabParentObject: {fileID: 0}
  m_PrefabInternal: {fileID: 100100000}
  m_GameObject: {fileID: 183896}
  m_LocalRotation: {x: -0.00000071518957, y: 0.000000021431118, z: -0.05661226, w: 0.9983963}
  m_LocalPosition: {x: 0.14795999, y: 0.005263433, z: -0.00000002841653}
  m_LocalScale: {x: 1.0000001, y: 1.0000001, z: 1}
  m_Children: []
  m_Father: {fileID: 453464}
  m_RootOrder: 1
--- !u!4 &482392
Transform:
  m_ObjectHideFlags: 1
  m_PrefabParentObject: {fileID: 0}
  m_PrefabInternal: {fileID: 100100000}
  m_GameObject: {fileID: 123786}
  m_LocalRotation: {x: 2.7390796e-19, y: 6.081979e-35, z: 2.2204463e-16, w: 1}
  m_LocalPosition: {x: -0.02812377, y: -0.1195327, z: 0.0000000047431508}
  m_LocalScale: {x: 1, y: 0.9999999, z: 0.9999999}
  m_Children: []
  m_Father: {fileID: 483326}
  m_RootOrder: 3
--- !u!4 &483326
Transform:
  m_ObjectHideFlags: 1
  m_PrefabParentObject: {fileID: 0}
  m_PrefabInternal: {fileID: 100100000}
  m_GameObject: {fileID: 196786}
  m_LocalRotation: {x: -0.4999999, y: 0.50000006, z: 0.5000001, w: -0.49999988}
  m_LocalPosition: {x: 1.4569599e-11, y: 0.001416993, z: 0.0003333136}
  m_LocalScale: {x: 1, y: 1, z: 1}
  m_Children:
  - {fileID: 483578}
  - {fileID: 441052}
  - {fileID: 462256}
  - {fileID: 482392}
  - {fileID: 478128}
  - {fileID: 456646}
  - {fileID: 448412}
  - {fileID: 453464}
  m_Father: {fileID: 411526}
  m_RootOrder: 6
--- !u!4 &483578
Transform:
  m_ObjectHideFlags: 1
  m_PrefabParentObject: {fileID: 0}
  m_PrefabInternal: {fileID: 100100000}
  m_GameObject: {fileID: 121442}
  m_LocalRotation: {x: 2.7390796e-19, y: 5.764739e-35, z: 2.2204463e-16, w: 1}
  m_LocalPosition: {x: -0.023727069, y: -0.1201098, z: 0.000000004768371}
  m_LocalScale: {x: 1, y: 0.9999999, z: 0.9999999}
  m_Children: []
  m_Father: {fileID: 483326}
  m_RootOrder: 0
--- !u!4 &495778
Transform:
  m_ObjectHideFlags: 1
  m_PrefabParentObject: {fileID: 0}
  m_PrefabInternal: {fileID: 100100000}
  m_GameObject: {fileID: 112350}
  m_LocalRotation: {x: 0.000000047078487, y: -0.7071068, z: 0.000000047078487, w: 0.7071068}
  m_LocalPosition: {x: -0.000000014435486, y: 0, z: 0.0019686436}
  m_LocalScale: {x: 1, y: 1, z: 1}
  m_Children: []
  m_Father: {fileID: 411526}
  m_RootOrder: 2
--- !u!4 &495972
Transform:
  m_ObjectHideFlags: 1
  m_PrefabParentObject: {fileID: 0}
  m_PrefabInternal: {fileID: 100100000}
  m_GameObject: {fileID: 107650}
  m_LocalRotation: {x: 0.00000006657903, y: -0, z: 0, w: 1}
  m_LocalPosition: {x: 0, y: 0, z: 0}
  m_LocalScale: {x: 1, y: 1, z: 1}
  m_Children: []
  m_Father: {fileID: 411526}
  m_RootOrder: 5
--- !u!111 &11173848
Animation:
  m_ObjectHideFlags: 1
  m_PrefabParentObject: {fileID: 0}
  m_PrefabInternal: {fileID: 100100000}
  m_GameObject: {fileID: 141474}
  m_Enabled: 1
  serializedVersion: 3
  m_Animation: {fileID: 7400000, guid: c2f712b63168840fbab468038d28d4d9, type: 3}
  m_Animations:
  - {fileID: 7400000, guid: c2f712b63168840fbab468038d28d4d9, type: 3}
  - {fileID: 7400002, guid: c2f712b63168840fbab468038d28d4d9, type: 3}
  - {fileID: 7400004, guid: c2f712b63168840fbab468038d28d4d9, type: 3}
  - {fileID: 7400006, guid: c2f712b63168840fbab468038d28d4d9, type: 3}
  - {fileID: 7400008, guid: c2f712b63168840fbab468038d28d4d9, type: 3}
  - {fileID: 7400014, guid: c2f712b63168840fbab468038d28d4d9, type: 3}
  - {fileID: 7400010, guid: c2f712b63168840fbab468038d28d4d9, type: 3}
  - {fileID: 7400012, guid: c2f712b63168840fbab468038d28d4d9, type: 3}
  m_WrapMode: 0
  m_PlayAutomatically: 1
  m_AnimatePhysics: 0
  m_CullingType: 0
--- !u!137 &13700540
SkinnedMeshRenderer:
  m_ObjectHideFlags: 1
  m_PrefabParentObject: {fileID: 0}
  m_PrefabInternal: {fileID: 100100000}
  m_GameObject: {fileID: 148360}
  m_Enabled: 1
  m_CastShadows: 1
  m_ReceiveShadows: 1
  m_Materials:
  - {fileID: 2100000, guid: ae671c38366f44fde91d7e989e4d8c5b, type: 2}
  m_SubsetIndices: 
  m_StaticBatchRoot: {fileID: 0}
  m_UseLightProbes: 1
  m_ReflectionProbeUsage: 1
  m_ProbeAnchor: {fileID: 0}
  m_ScaleInLightmap: 1
  m_PreserveUVs: 0
  m_IgnoreNormalsForChartDetection: 0
  m_ImportantGI: 0
  m_MinimumChartSize: 4
  m_AutoUVMaxDistance: 0.5
  m_AutoUVMaxAngle: 89
  m_LightmapParameters: {fileID: 0}
  m_SortingLayerID: 0
  m_SortingOrder: 0
  serializedVersion: 2
  m_Quality: 0
  m_UpdateWhenOffscreen: 0
  m_Mesh: {fileID: 4300000, guid: c2f712b63168840fbab468038d28d4d9, type: 3}
  m_Bones:
  - {fileID: 483326}
  - {fileID: 481994}
  - {fileID: 441052}
  - {fileID: 448412}
  - {fileID: 453464}
  m_BlendShapeWeights: []
  m_RootBone: {fileID: 483326}
  m_AABB:
    m_Center: {x: -0.09560707, y: 0.02185589, z: 0}
    m_Extent: {x: 0.11889231, y: 0.15584174, z: 0.067101}
  m_DirtyAABB: 0
--- !u!137 &13729890
SkinnedMeshRenderer:
  m_ObjectHideFlags: 1
  m_PrefabParentObject: {fileID: 0}
  m_PrefabInternal: {fileID: 100100000}
  m_GameObject: {fileID: 163564}
  m_Enabled: 1
  m_CastShadows: 1
  m_ReceiveShadows: 1
  m_Materials:
  - {fileID: 2100000, guid: ae671c38366f44fde91d7e989e4d8c5b, type: 2}
  m_SubsetIndices: 
  m_StaticBatchRoot: {fileID: 0}
  m_UseLightProbes: 1
  m_ReflectionProbeUsage: 1
  m_ProbeAnchor: {fileID: 0}
  m_ScaleInLightmap: 1
  m_PreserveUVs: 0
  m_IgnoreNormalsForChartDetection: 0
  m_ImportantGI: 0
  m_MinimumChartSize: 4
  m_AutoUVMaxDistance: 0.5
  m_AutoUVMaxAngle: 89
  m_LightmapParameters: {fileID: 0}
  m_SortingLayerID: 0
  m_SortingOrder: 0
  serializedVersion: 2
  m_Quality: 0
  m_UpdateWhenOffscreen: 0
  m_Mesh: {fileID: 4300004, guid: c2f712b63168840fbab468038d28d4d9, type: 3}
  m_Bones:
  - {fileID: 481790}
  - {fileID: 483326}
  - {fileID: 478128}
  - {fileID: 453464}
  m_BlendShapeWeights: []
  m_RootBone: {fileID: 483326}
  m_AABB:
    m_Center: {x: -0.09408486, y: 0.008051865, z: 0.000024236739}
    m_Extent: {x: 0.11803427, y: 0.15233693, z: 0.06649873}
  m_DirtyAABB: 0
--- !u!137 &13740588
SkinnedMeshRenderer:
  m_ObjectHideFlags: 1
  m_PrefabParentObject: {fileID: 0}
  m_PrefabInternal: {fileID: 100100000}
  m_GameObject: {fileID: 119806}
  m_Enabled: 1
  m_CastShadows: 1
  m_ReceiveShadows: 1
  m_Materials:
  - {fileID: 2100000, guid: ae671c38366f44fde91d7e989e4d8c5b, type: 2}
  m_SubsetIndices: 
  m_StaticBatchRoot: {fileID: 0}
  m_UseLightProbes: 1
  m_ReflectionProbeUsage: 1
  m_ProbeAnchor: {fileID: 0}
  m_ScaleInLightmap: 1
  m_PreserveUVs: 0
  m_IgnoreNormalsForChartDetection: 0
  m_ImportantGI: 0
  m_MinimumChartSize: 4
  m_AutoUVMaxDistance: 0.5
  m_AutoUVMaxAngle: 89
  m_LightmapParameters: {fileID: 0}
  m_SortingLayerID: 0
  m_SortingOrder: 0
  serializedVersion: 2
  m_Quality: 0
  m_UpdateWhenOffscreen: 0
  m_Mesh: {fileID: 4300006, guid: c2f712b63168840fbab468038d28d4d9, type: 3}
  m_Bones:
  - {fileID: 437216}
  - {fileID: 483326}
  - {fileID: 456646}
  - {fileID: 453464}
  m_BlendShapeWeights: []
  m_RootBone: {fileID: 483326}
  m_AABB:
    m_Center: {x: -0.094999194, y: 0.020698257, z: -0.00000016018748}
    m_Extent: {x: 0.11834133, y: 0.14489102, z: 0.0577544}
  m_DirtyAABB: 0
--- !u!137 &13754298
SkinnedMeshRenderer:
  m_ObjectHideFlags: 1
  m_PrefabParentObject: {fileID: 0}
  m_PrefabInternal: {fileID: 100100000}
  m_GameObject: {fileID: 112350}
  m_Enabled: 1
  m_CastShadows: 1
  m_ReceiveShadows: 1
  m_Materials:
  - {fileID: 2100000, guid: ae671c38366f44fde91d7e989e4d8c5b, type: 2}
  m_SubsetIndices: 
  m_StaticBatchRoot: {fileID: 0}
  m_UseLightProbes: 1
  m_ReflectionProbeUsage: 1
  m_ProbeAnchor: {fileID: 0}
  m_ScaleInLightmap: 1
  m_PreserveUVs: 0
  m_IgnoreNormalsForChartDetection: 0
  m_ImportantGI: 0
  m_MinimumChartSize: 4
  m_AutoUVMaxDistance: 0.5
  m_AutoUVMaxAngle: 89
  m_LightmapParameters: {fileID: 0}
  m_SortingLayerID: 0
  m_SortingOrder: 0
  serializedVersion: 2
  m_Quality: 0
  m_UpdateWhenOffscreen: 0
  m_Mesh: {fileID: 4300008, guid: c2f712b63168840fbab468038d28d4d9, type: 3}
  m_Bones:
  - {fileID: 482392}
  - {fileID: 483326}
  - {fileID: 432330}
  - {fileID: 453464}
  m_BlendShapeWeights: []
  m_RootBone: {fileID: 483326}
  m_AABB:
    m_Center: {x: -0.095739625, y: -0.00056486577, z: 0.0000038146973}
    m_Extent: {x: 0.11807356, y: 0.16048673, z: 0.06395481}
  m_DirtyAABB: 0
--- !u!137 &13757226
SkinnedMeshRenderer:
  m_ObjectHideFlags: 1
  m_PrefabParentObject: {fileID: 0}
  m_PrefabInternal: {fileID: 100100000}
  m_GameObject: {fileID: 128840}
  m_Enabled: 1
  m_CastShadows: 1
  m_ReceiveShadows: 1
  m_Materials:
  - {fileID: 2100000, guid: ae671c38366f44fde91d7e989e4d8c5b, type: 2}
  m_SubsetIndices: 
  m_StaticBatchRoot: {fileID: 0}
  m_UseLightProbes: 1
  m_ReflectionProbeUsage: 1
  m_ProbeAnchor: {fileID: 0}
  m_ScaleInLightmap: 1
  m_PreserveUVs: 0
  m_IgnoreNormalsForChartDetection: 0
  m_ImportantGI: 0
  m_MinimumChartSize: 4
  m_AutoUVMaxDistance: 0.5
  m_AutoUVMaxAngle: 89
  m_LightmapParameters: {fileID: 0}
  m_SortingLayerID: 0
  m_SortingOrder: 0
  serializedVersion: 2
  m_Quality: 0
  m_UpdateWhenOffscreen: 0
  m_Mesh: {fileID: 4300002, guid: c2f712b63168840fbab468038d28d4d9, type: 3}
  m_Bones:
  - {fileID: 483326}
  - {fileID: 462256}
  - {fileID: 403392}
  - {fileID: 453464}
  m_BlendShapeWeights: []
  m_RootBone: {fileID: 483326}
  m_AABB:
    m_Center: {x: -0.09491995, y: 0.013679892, z: -0.000013265759}
    m_Extent: {x: 0.1178865, y: 0.15641615, z: 0.06031109}
  m_DirtyAABB: 0
--- !u!137 &13770446
SkinnedMeshRenderer:
  m_ObjectHideFlags: 1
  m_PrefabParentObject: {fileID: 0}
  m_PrefabInternal: {fileID: 100100000}
  m_GameObject: {fileID: 107650}
  m_Enabled: 1
  m_CastShadows: 1
  m_ReceiveShadows: 1
  m_Materials:
  - {fileID: 2100000, guid: c1c2846d158c64e5c9b139b7039c1e54, type: 2}
  m_SubsetIndices: 
  m_StaticBatchRoot: {fileID: 0}
  m_UseLightProbes: 1
  m_ReflectionProbeUsage: 1
  m_ProbeAnchor: {fileID: 0}
  m_ScaleInLightmap: 1
  m_PreserveUVs: 0
  m_IgnoreNormalsForChartDetection: 0
  m_ImportantGI: 0
  m_MinimumChartSize: 4
  m_AutoUVMaxDistance: 0.5
  m_AutoUVMaxAngle: 89
  m_LightmapParameters: {fileID: 0}
  m_SortingLayerID: 0
  m_SortingOrder: 0
  serializedVersion: 2
  m_Quality: 0
  m_UpdateWhenOffscreen: 0
  m_Mesh: {fileID: 4300010, guid: c2f712b63168840fbab468038d28d4d9, type: 3}
  m_Bones:
  - {fileID: 483578}
  - {fileID: 405506}
  - {fileID: 453464}
  - {fileID: 483326}
  m_BlendShapeWeights: []
  m_RootBone: {fileID: 483326}
  m_AABB:
    m_Center: {x: -0.09924291, y: 0.002031222, z: 0.00000023655593}
    m_Extent: {x: 0.116536185, y: 0.1538003, z: 0.060797594}
  m_DirtyAABB: 0
--- !u!1001 &100100000
Prefab:
  m_ObjectHideFlags: 1
  serializedVersion: 2
  m_Modification:
    m_TransformParent: {fileID: 0}
    m_Modifications: []
    m_RemovedComponents: []
  m_ParentPrefab: {fileID: 0}
  m_RootGameObject: {fileID: 141474}
  m_IsPrefabParent: 1
