%YAML 1.1
%TAG !u! tag:unity3d.com,2011:
--- !u!1 &100752
GameObject:
  m_ObjectHideFlags: 1
  m_PrefabParentObject: {fileID: 0}
  m_PrefabInternal: {fileID: 100100000}
  serializedVersion: 4
  m_Component:
  - 4: {fileID: 443948}
  m_Layer: 0
  m_Name: RightHandPinky2
  m_TagString: Untagged
  m_Icon: {fileID: 0}
  m_NavMeshLayer: 0
  m_StaticEditorFlags: 0
  m_IsActive: 1
--- !u!1 &101496
GameObject:
  m_ObjectHideFlags: 0
  m_PrefabParentObject: {fileID: 0}
  m_PrefabInternal: {fileID: 100100000}
  serializedVersion: 4
  m_Component:
  - 4: {fileID: 486274}
  - 111: {fileID: 11193618}
  m_Layer: 0
  m_Name: Kengooro_Shop
  m_TagString: Untagged
  m_Icon: {fileID: 0}
  m_NavMeshLayer: 0
  m_StaticEditorFlags: 0
  m_IsActive: 1
--- !u!1 &103334
GameObject:
  m_ObjectHideFlags: 1
  m_PrefabParentObject: {fileID: 0}
  m_PrefabInternal: {fileID: 100100000}
  serializedVersion: 4
  m_Component:
  - 4: {fileID: 461456}
  m_Layer: 0
  m_Name: Bone048
  m_TagString: Untagged
  m_Icon: {fileID: 0}
  m_NavMeshLayer: 0
  m_StaticEditorFlags: 0
  m_IsActive: 1
--- !u!1 &106300
GameObject:
  m_ObjectHideFlags: 1
  m_PrefabParentObject: {fileID: 0}
  m_PrefabInternal: {fileID: 100100000}
  serializedVersion: 4
  m_Component:
  - 4: {fileID: 468968}
  m_Layer: 0
  m_Name: LeftShoulder
  m_TagString: Untagged
  m_Icon: {fileID: 0}
  m_NavMeshLayer: 0
  m_StaticEditorFlags: 0
  m_IsActive: 1
--- !u!1 &106848
GameObject:
  m_ObjectHideFlags: 1
  m_PrefabParentObject: {fileID: 0}
  m_PrefabInternal: {fileID: 100100000}
  serializedVersion: 4
  m_Component:
  - 4: {fileID: 415366}
  m_Layer: 0
  m_Name: RightEar1
  m_TagString: Untagged
  m_Icon: {fileID: 0}
  m_NavMeshLayer: 0
  m_StaticEditorFlags: 0
  m_IsActive: 1
--- !u!1 &107204
GameObject:
  m_ObjectHideFlags: 1
  m_PrefabParentObject: {fileID: 0}
  m_PrefabInternal: {fileID: 100100000}
  serializedVersion: 4
  m_Component:
  - 4: {fileID: 426280}
  m_Layer: 0
  m_Name: RightHandThumb1
  m_TagString: Untagged
  m_Icon: {fileID: 0}
  m_NavMeshLayer: 0
  m_StaticEditorFlags: 0
  m_IsActive: 1
--- !u!1 &107360
GameObject:
  m_ObjectHideFlags: 1
  m_PrefabParentObject: {fileID: 0}
  m_PrefabInternal: {fileID: 100100000}
  serializedVersion: 4
  m_Component:
  - 4: {fileID: 453746}
  m_Layer: 0
  m_Name: RightHandIndex3
  m_TagString: Untagged
  m_Icon: {fileID: 0}
  m_NavMeshLayer: 0
  m_StaticEditorFlags: 0
  m_IsActive: 1
--- !u!1 &109120
GameObject:
  m_ObjectHideFlags: 1
  m_PrefabParentObject: {fileID: 0}
  m_PrefabInternal: {fileID: 100100000}
  serializedVersion: 4
  m_Component:
  - 4: {fileID: 465158}
  m_Layer: 0
  m_Name: RightToeBase
  m_TagString: Untagged
  m_Icon: {fileID: 0}
  m_NavMeshLayer: 0
  m_StaticEditorFlags: 0
  m_IsActive: 1
--- !u!1 &112696
GameObject:
  m_ObjectHideFlags: 1
  m_PrefabParentObject: {fileID: 0}
  m_PrefabInternal: {fileID: 100100000}
  serializedVersion: 4
  m_Component:
  - 4: {fileID: 479530}
  m_Layer: 0
  m_Name: LeftUpperEyelid
  m_TagString: Untagged
  m_Icon: {fileID: 0}
  m_NavMeshLayer: 0
  m_StaticEditorFlags: 0
  m_IsActive: 1
--- !u!1 &115570
GameObject:
  m_ObjectHideFlags: 1
  m_PrefabParentObject: {fileID: 0}
  m_PrefabInternal: {fileID: 100100000}
  serializedVersion: 4
  m_Component:
  - 4: {fileID: 487900}
  m_Layer: 0
  m_Name: Bone028
  m_TagString: Untagged
  m_Icon: {fileID: 0}
  m_NavMeshLayer: 0
  m_StaticEditorFlags: 0
  m_IsActive: 1
--- !u!1 &120416
GameObject:
  m_ObjectHideFlags: 1
  m_PrefabParentObject: {fileID: 0}
  m_PrefabInternal: {fileID: 100100000}
  serializedVersion: 4
  m_Component:
  - 4: {fileID: 421078}
  m_Layer: 0
  m_Name: LeftLowerEyelid
  m_TagString: Untagged
  m_Icon: {fileID: 0}
  m_NavMeshLayer: 0
  m_StaticEditorFlags: 0
  m_IsActive: 1
--- !u!1 &120458
GameObject:
  m_ObjectHideFlags: 1
  m_PrefabParentObject: {fileID: 0}
  m_PrefabInternal: {fileID: 100100000}
  serializedVersion: 4
  m_Component:
  - 4: {fileID: 476246}
  m_Layer: 0
  m_Name: LeftEar2
  m_TagString: Untagged
  m_Icon: {fileID: 0}
  m_NavMeshLayer: 0
  m_StaticEditorFlags: 0
  m_IsActive: 1
--- !u!1 &123448
GameObject:
  m_ObjectHideFlags: 1
  m_PrefabParentObject: {fileID: 0}
  m_PrefabInternal: {fileID: 100100000}
  serializedVersion: 4
  m_Component:
  - 4: {fileID: 451468}
  m_Layer: 0
  m_Name: RightArm
  m_TagString: Untagged
  m_Icon: {fileID: 0}
  m_NavMeshLayer: 0
  m_StaticEditorFlags: 0
  m_IsActive: 1
--- !u!1 &123574
GameObject:
  m_ObjectHideFlags: 1
  m_PrefabParentObject: {fileID: 0}
  m_PrefabInternal: {fileID: 100100000}
  serializedVersion: 4
  m_Component:
  - 4: {fileID: 429080}
  m_Layer: 0
  m_Name: Backpack2
  m_TagString: Untagged
  m_Icon: {fileID: 0}
  m_NavMeshLayer: 0
  m_StaticEditorFlags: 0
  m_IsActive: 1
--- !u!1 &125512
GameObject:
  m_ObjectHideFlags: 1
  m_PrefabParentObject: {fileID: 0}
  m_PrefabInternal: {fileID: 100100000}
  serializedVersion: 4
  m_Component:
  - 4: {fileID: 467084}
  m_Layer: 0
  m_Name: Tail5
  m_TagString: Untagged
  m_Icon: {fileID: 0}
  m_NavMeshLayer: 0
  m_StaticEditorFlags: 0
  m_IsActive: 1
--- !u!1 &130406
GameObject:
  m_ObjectHideFlags: 1
  m_PrefabParentObject: {fileID: 0}
  m_PrefabInternal: {fileID: 100100000}
  serializedVersion: 4
  m_Component:
  - 4: {fileID: 404270}
  m_Layer: 0
  m_Name: RightEar3
  m_TagString: Untagged
  m_Icon: {fileID: 0}
  m_NavMeshLayer: 0
  m_StaticEditorFlags: 0
  m_IsActive: 1
--- !u!1 &133410
GameObject:
  m_ObjectHideFlags: 1
  m_PrefabParentObject: {fileID: 0}
  m_PrefabInternal: {fileID: 100100000}
  serializedVersion: 4
  m_Component:
  - 4: {fileID: 420394}
  m_Layer: 0
  m_Name: LeftEar3
  m_TagString: Untagged
  m_Icon: {fileID: 0}
  m_NavMeshLayer: 0
  m_StaticEditorFlags: 0
  m_IsActive: 1
--- !u!1 &137518
GameObject:
  m_ObjectHideFlags: 1
  m_PrefabParentObject: {fileID: 0}
  m_PrefabInternal: {fileID: 100100000}
  serializedVersion: 4
  m_Component:
  - 4: {fileID: 436106}
  m_Layer: 0
  m_Name: Tail2
  m_TagString: Untagged
  m_Icon: {fileID: 0}
  m_NavMeshLayer: 0
  m_StaticEditorFlags: 0
  m_IsActive: 1
--- !u!1 &140008
GameObject:
  m_ObjectHideFlags: 1
  m_PrefabParentObject: {fileID: 0}
  m_PrefabInternal: {fileID: 100100000}
  serializedVersion: 4
  m_Component:
  - 4: {fileID: 462892}
  m_Layer: 0
  m_Name: RightHandPinky1
  m_TagString: Untagged
  m_Icon: {fileID: 0}
  m_NavMeshLayer: 0
  m_StaticEditorFlags: 0
  m_IsActive: 1
--- !u!1 &140950
GameObject:
  m_ObjectHideFlags: 1
  m_PrefabParentObject: {fileID: 0}
  m_PrefabInternal: {fileID: 100100000}
  serializedVersion: 4
  m_Component:
  - 4: {fileID: 411436}
  m_Layer: 0
  m_Name: RightFoot
  m_TagString: Untagged
  m_Icon: {fileID: 0}
  m_NavMeshLayer: 0
  m_StaticEditorFlags: 0
  m_IsActive: 1
--- !u!1 &141786
GameObject:
  m_ObjectHideFlags: 1
  m_PrefabParentObject: {fileID: 0}
  m_PrefabInternal: {fileID: 100100000}
  serializedVersion: 4
  m_Component:
  - 4: {fileID: 447680}
  m_Layer: 0
  m_Name: LeftFoot
  m_TagString: Untagged
  m_Icon: {fileID: 0}
  m_NavMeshLayer: 0
  m_StaticEditorFlags: 0
  m_IsActive: 1
--- !u!1 &143310
GameObject:
  m_ObjectHideFlags: 1
  m_PrefabParentObject: {fileID: 0}
  m_PrefabInternal: {fileID: 100100000}
  serializedVersion: 4
  m_Component:
  - 4: {fileID: 472290}
  m_Layer: 0
  m_Name: LeftHandRing2
  m_TagString: Untagged
  m_Icon: {fileID: 0}
  m_NavMeshLayer: 0
  m_StaticEditorFlags: 0
  m_IsActive: 1
--- !u!1 &145126
GameObject:
  m_ObjectHideFlags: 1
  m_PrefabParentObject: {fileID: 0}
  m_PrefabInternal: {fileID: 100100000}
  serializedVersion: 4
  m_Component:
  - 4: {fileID: 455480}
  m_Layer: 0
  m_Name: Bone043
  m_TagString: Untagged
  m_Icon: {fileID: 0}
  m_NavMeshLayer: 0
  m_StaticEditorFlags: 0
  m_IsActive: 1
--- !u!1 &145158
GameObject:
  m_ObjectHideFlags: 1
  m_PrefabParentObject: {fileID: 0}
  m_PrefabInternal: {fileID: 100100000}
  serializedVersion: 4
  m_Component:
  - 4: {fileID: 412452}
  m_Layer: 0
  m_Name: Bone011
  m_TagString: Untagged
  m_Icon: {fileID: 0}
  m_NavMeshLayer: 0
  m_StaticEditorFlags: 0
  m_IsActive: 1
--- !u!1 &145160
GameObject:
  m_ObjectHideFlags: 0
  m_PrefabParentObject: {fileID: 0}
  m_PrefabInternal: {fileID: 100100000}
  serializedVersion: 4
  m_Component:
  - 4: {fileID: 432880}
  - 137: {fileID: 13793778}
  m_Layer: 0
  m_Name: Object006
  m_TagString: Untagged
  m_Icon: {fileID: 0}
  m_NavMeshLayer: 0
  m_StaticEditorFlags: 0
  m_IsActive: 1
--- !u!1 &145338
GameObject:
  m_ObjectHideFlags: 0
  m_PrefabParentObject: {fileID: 0}
  m_PrefabInternal: {fileID: 100100000}
  serializedVersion: 4
  m_Component:
  - 4: {fileID: 406428}
  - 137: {fileID: 13754024}
  m_Layer: 0
  m_Name: Object008
  m_TagString: Untagged
  m_Icon: {fileID: 0}
  m_NavMeshLayer: 0
  m_StaticEditorFlags: 0
  m_IsActive: 1
--- !u!1 &146534
GameObject:
  m_ObjectHideFlags: 1
  m_PrefabParentObject: {fileID: 0}
  m_PrefabInternal: {fileID: 100100000}
  serializedVersion: 4
  m_Component:
  - 4: {fileID: 491270}
  m_Layer: 0
  m_Name: RightHandIndex1
  m_TagString: Untagged
  m_Icon: {fileID: 0}
  m_NavMeshLayer: 0
  m_StaticEditorFlags: 0
  m_IsActive: 1
--- !u!1 &148818
GameObject:
  m_ObjectHideFlags: 1
  m_PrefabParentObject: {fileID: 0}
  m_PrefabInternal: {fileID: 100100000}
  serializedVersion: 4
  m_Component:
  - 4: {fileID: 421102}
  m_Layer: 0
  m_Name: Tail4
  m_TagString: Untagged
  m_Icon: {fileID: 0}
  m_NavMeshLayer: 0
  m_StaticEditorFlags: 0
  m_IsActive: 1
--- !u!1 &149188
GameObject:
  m_ObjectHideFlags: 1
  m_PrefabParentObject: {fileID: 0}
  m_PrefabInternal: {fileID: 100100000}
  serializedVersion: 4
  m_Component:
  - 4: {fileID: 424022}
  m_Layer: 0
  m_Name: Tail1
  m_TagString: Untagged
  m_Icon: {fileID: 0}
  m_NavMeshLayer: 0
  m_StaticEditorFlags: 0
  m_IsActive: 1
--- !u!1 &150182
GameObject:
  m_ObjectHideFlags: 1
  m_PrefabParentObject: {fileID: 0}
  m_PrefabInternal: {fileID: 100100000}
  serializedVersion: 4
  m_Component:
  - 4: {fileID: 472498}
  m_Layer: 0
  m_Name: LeftEar1
  m_TagString: Untagged
  m_Icon: {fileID: 0}
  m_NavMeshLayer: 0
  m_StaticEditorFlags: 0
  m_IsActive: 1
--- !u!1 &155288
GameObject:
  m_ObjectHideFlags: 1
  m_PrefabParentObject: {fileID: 0}
  m_PrefabInternal: {fileID: 100100000}
  serializedVersion: 4
  m_Component:
  - 4: {fileID: 452082}
  m_Layer: 0
  m_Name: LeftHandRing1
  m_TagString: Untagged
  m_Icon: {fileID: 0}
  m_NavMeshLayer: 0
  m_StaticEditorFlags: 0
  m_IsActive: 1
--- !u!1 &156534
GameObject:
  m_ObjectHideFlags: 1
  m_PrefabParentObject: {fileID: 0}
  m_PrefabInternal: {fileID: 100100000}
  serializedVersion: 4
  m_Component:
  - 4: {fileID: 402942}
  m_Layer: 0
  m_Name: Bone046
  m_TagString: Untagged
  m_Icon: {fileID: 0}
  m_NavMeshLayer: 0
  m_StaticEditorFlags: 0
  m_IsActive: 1
--- !u!1 &157582
GameObject:
  m_ObjectHideFlags: 1
  m_PrefabParentObject: {fileID: 0}
  m_PrefabInternal: {fileID: 100100000}
  serializedVersion: 4
  m_Component:
  - 4: {fileID: 452438}
  m_Layer: 0
  m_Name: Bone011(mirrored)
  m_TagString: Untagged
  m_Icon: {fileID: 0}
  m_NavMeshLayer: 0
  m_StaticEditorFlags: 0
  m_IsActive: 1
--- !u!1 &158378
GameObject:
  m_ObjectHideFlags: 1
  m_PrefabParentObject: {fileID: 0}
  m_PrefabInternal: {fileID: 100100000}
  serializedVersion: 4
  m_Component:
  - 4: {fileID: 433450}
  m_Layer: 0
  m_Name: LeftHandPinky2
  m_TagString: Untagged
  m_Icon: {fileID: 0}
  m_NavMeshLayer: 0
  m_StaticEditorFlags: 0
  m_IsActive: 1
--- !u!1 &158550
GameObject:
  m_ObjectHideFlags: 1
  m_PrefabParentObject: {fileID: 0}
  m_PrefabInternal: {fileID: 100100000}
  serializedVersion: 4
  m_Component:
  - 4: {fileID: 470032}
  m_Layer: 0
  m_Name: LeftHandIndex3
  m_TagString: Untagged
  m_Icon: {fileID: 0}
  m_NavMeshLayer: 0
  m_StaticEditorFlags: 0
  m_IsActive: 1
--- !u!1 &158926
GameObject:
  m_ObjectHideFlags: 1
  m_PrefabParentObject: {fileID: 0}
  m_PrefabInternal: {fileID: 100100000}
  serializedVersion: 4
  m_Component:
  - 4: {fileID: 430806}
  m_Layer: 0
  m_Name: LeftHand
  m_TagString: Untagged
  m_Icon: {fileID: 0}
  m_NavMeshLayer: 0
  m_StaticEditorFlags: 0
  m_IsActive: 1
--- !u!1 &159722
GameObject:
  m_ObjectHideFlags: 1
  m_PrefabParentObject: {fileID: 0}
  m_PrefabInternal: {fileID: 100100000}
  serializedVersion: 4
  m_Component:
  - 4: {fileID: 498308}
  m_Layer: 0
  m_Name: LeftHandPinky1
  m_TagString: Untagged
  m_Icon: {fileID: 0}
  m_NavMeshLayer: 0
  m_StaticEditorFlags: 0
  m_IsActive: 1
--- !u!1 &159946
GameObject:
  m_ObjectHideFlags: 1
  m_PrefabParentObject: {fileID: 0}
  m_PrefabInternal: {fileID: 100100000}
  serializedVersion: 4
  m_Component:
  - 4: {fileID: 481500}
  m_Layer: 0
  m_Name: Bone048(mirrored)
  m_TagString: Untagged
  m_Icon: {fileID: 0}
  m_NavMeshLayer: 0
  m_StaticEditorFlags: 0
  m_IsActive: 1
--- !u!1 &160076
GameObject:
  m_ObjectHideFlags: 1
  m_PrefabParentObject: {fileID: 0}
  m_PrefabInternal: {fileID: 100100000}
  serializedVersion: 4
  m_Component:
  - 4: {fileID: 497116}
  m_Layer: 0
  m_Name: RightHandThumb2
  m_TagString: Untagged
  m_Icon: {fileID: 0}
  m_NavMeshLayer: 0
  m_StaticEditorFlags: 0
  m_IsActive: 1
--- !u!1 &161278
GameObject:
  m_ObjectHideFlags: 1
  m_PrefabParentObject: {fileID: 0}
  m_PrefabInternal: {fileID: 100100000}
  serializedVersion: 4
  m_Component:
  - 4: {fileID: 483338}
  m_Layer: 0
  m_Name: LeftHandThumb1
  m_TagString: Untagged
  m_Icon: {fileID: 0}
  m_NavMeshLayer: 0
  m_StaticEditorFlags: 0
  m_IsActive: 1
--- !u!1 &161510
GameObject:
  m_ObjectHideFlags: 1
  m_PrefabParentObject: {fileID: 0}
  m_PrefabInternal: {fileID: 100100000}
  serializedVersion: 4
  m_Component:
  - 4: {fileID: 422884}
  m_Layer: 0
  m_Name: RightLowerEyelid
  m_TagString: Untagged
  m_Icon: {fileID: 0}
  m_NavMeshLayer: 0
  m_StaticEditorFlags: 0
  m_IsActive: 1
--- !u!1 &161640
GameObject:
  m_ObjectHideFlags: 1
  m_PrefabParentObject: {fileID: 0}
  m_PrefabInternal: {fileID: 100100000}
  serializedVersion: 4
  m_Component:
  - 4: {fileID: 432716}
  m_Layer: 0
  m_Name: Bone046(mirrored)
  m_TagString: Untagged
  m_Icon: {fileID: 0}
  m_NavMeshLayer: 0
  m_StaticEditorFlags: 0
  m_IsActive: 1
--- !u!1 &162040
GameObject:
  m_ObjectHideFlags: 1
  m_PrefabParentObject: {fileID: 0}
  m_PrefabInternal: {fileID: 100100000}
  serializedVersion: 4
  m_Component:
  - 4: {fileID: 460984}
  m_Layer: 0
  m_Name: RightHand
  m_TagString: Untagged
  m_Icon: {fileID: 0}
  m_NavMeshLayer: 0
  m_StaticEditorFlags: 0
  m_IsActive: 1
--- !u!1 &162474
GameObject:
  m_ObjectHideFlags: 1
  m_PrefabParentObject: {fileID: 0}
  m_PrefabInternal: {fileID: 100100000}
  serializedVersion: 4
  m_Component:
  - 4: {fileID: 440548}
  m_Layer: 0
  m_Name: Bandana2
  m_TagString: Untagged
  m_Icon: {fileID: 0}
  m_NavMeshLayer: 0
  m_StaticEditorFlags: 0
  m_IsActive: 1
--- !u!1 &164270
GameObject:
  m_ObjectHideFlags: 1
  m_PrefabParentObject: {fileID: 0}
  m_PrefabInternal: {fileID: 100100000}
  serializedVersion: 4
  m_Component:
  - 4: {fileID: 457054}
  m_Layer: 0
  m_Name: LeftHandThumb3
  m_TagString: Untagged
  m_Icon: {fileID: 0}
  m_NavMeshLayer: 0
  m_StaticEditorFlags: 0
  m_IsActive: 1
--- !u!1 &167208
GameObject:
  m_ObjectHideFlags: 1
  m_PrefabParentObject: {fileID: 0}
  m_PrefabInternal: {fileID: 100100000}
  serializedVersion: 4
  m_Component:
  - 4: {fileID: 400368}
  m_Layer: 0
  m_Name: RightUpperEyelid
  m_TagString: Untagged
  m_Icon: {fileID: 0}
  m_NavMeshLayer: 0
  m_StaticEditorFlags: 0
  m_IsActive: 1
--- !u!1 &169410
GameObject:
  m_ObjectHideFlags: 1
  m_PrefabParentObject: {fileID: 0}
  m_PrefabInternal: {fileID: 100100000}
  serializedVersion: 4
  m_Component:
  - 4: {fileID: 484740}
  m_Layer: 0
  m_Name: RightHandThumb3
  m_TagString: Untagged
  m_Icon: {fileID: 0}
  m_NavMeshLayer: 0
  m_StaticEditorFlags: 0
  m_IsActive: 1
--- !u!1 &170050
GameObject:
  m_ObjectHideFlags: 1
  m_PrefabParentObject: {fileID: 0}
  m_PrefabInternal: {fileID: 100100000}
  serializedVersion: 4
  m_Component:
  - 4: {fileID: 439672}
  m_Layer: 0
  m_Name: Head
  m_TagString: Untagged
  m_Icon: {fileID: 0}
  m_NavMeshLayer: 0
  m_StaticEditorFlags: 0
  m_IsActive: 1
--- !u!1 &171292
GameObject:
  m_ObjectHideFlags: 1
  m_PrefabParentObject: {fileID: 0}
  m_PrefabInternal: {fileID: 100100000}
  serializedVersion: 4
  m_Component:
  - 4: {fileID: 475474}
  m_Layer: 0
  m_Name: RightShoulder
  m_TagString: Untagged
  m_Icon: {fileID: 0}
  m_NavMeshLayer: 0
  m_StaticEditorFlags: 0
  m_IsActive: 1
--- !u!1 &171872
GameObject:
  m_ObjectHideFlags: 0
  m_PrefabParentObject: {fileID: 0}
  m_PrefabInternal: {fileID: 100100000}
  serializedVersion: 4
  m_Component:
  - 4: {fileID: 475466}
  - 137: {fileID: 13706300}
  m_Layer: 0
  m_Name: Object007
  m_TagString: Untagged
  m_Icon: {fileID: 0}
  m_NavMeshLayer: 0
  m_StaticEditorFlags: 0
  m_IsActive: 1
--- !u!1 &172176
GameObject:
  m_ObjectHideFlags: 1
  m_PrefabParentObject: {fileID: 0}
  m_PrefabInternal: {fileID: 100100000}
  serializedVersion: 4
  m_Component:
  - 4: {fileID: 428066}
  m_Layer: 0
  m_Name: RightHandRing3
  m_TagString: Untagged
  m_Icon: {fileID: 0}
  m_NavMeshLayer: 0
  m_StaticEditorFlags: 0
  m_IsActive: 1
--- !u!1 &172240
GameObject:
  m_ObjectHideFlags: 1
  m_PrefabParentObject: {fileID: 0}
  m_PrefabInternal: {fileID: 100100000}
  serializedVersion: 4
  m_Component:
  - 4: {fileID: 451110}
  m_Layer: 0
  m_Name: Bone028(mirrored)
  m_TagString: Untagged
  m_Icon: {fileID: 0}
  m_NavMeshLayer: 0
  m_StaticEditorFlags: 0
  m_IsActive: 1
--- !u!1 &174208
GameObject:
  m_ObjectHideFlags: 1
  m_PrefabParentObject: {fileID: 0}
  m_PrefabInternal: {fileID: 100100000}
  serializedVersion: 4
  m_Component:
  - 4: {fileID: 481092}
  m_Layer: 0
  m_Name: RightHandRing2
  m_TagString: Untagged
  m_Icon: {fileID: 0}
  m_NavMeshLayer: 0
  m_StaticEditorFlags: 0
  m_IsActive: 1
--- !u!1 &175516
GameObject:
  m_ObjectHideFlags: 1
  m_PrefabParentObject: {fileID: 0}
  m_PrefabInternal: {fileID: 100100000}
  serializedVersion: 4
  m_Component:
  - 4: {fileID: 491034}
  m_Layer: 0
  m_Name: RightUpLeg
  m_TagString: Untagged
  m_Icon: {fileID: 0}
  m_NavMeshLayer: 0
  m_StaticEditorFlags: 0
  m_IsActive: 1
--- !u!1 &176532
GameObject:
  m_ObjectHideFlags: 1
  m_PrefabParentObject: {fileID: 0}
  m_PrefabInternal: {fileID: 100100000}
  serializedVersion: 4
  m_Component:
  - 4: {fileID: 408194}
  m_Layer: 0
  m_Name: LeftArm
  m_TagString: Untagged
  m_Icon: {fileID: 0}
  m_NavMeshLayer: 0
  m_StaticEditorFlags: 0
  m_IsActive: 1
--- !u!1 &180158
GameObject:
  m_ObjectHideFlags: 1
  m_PrefabParentObject: {fileID: 0}
  m_PrefabInternal: {fileID: 100100000}
  serializedVersion: 4
  m_Component:
  - 4: {fileID: 485120}
  m_Layer: 0
  m_Name: LeftHandRing3
  m_TagString: Untagged
  m_Icon: {fileID: 0}
  m_NavMeshLayer: 0
  m_StaticEditorFlags: 0
  m_IsActive: 1
--- !u!1 &180398
GameObject:
  m_ObjectHideFlags: 1
  m_PrefabParentObject: {fileID: 0}
  m_PrefabInternal: {fileID: 100100000}
  serializedVersion: 4
  m_Component:
  - 4: {fileID: 486812}
  m_Layer: 0
  m_Name: Neck
  m_TagString: Untagged
  m_Icon: {fileID: 0}
  m_NavMeshLayer: 0
  m_StaticEditorFlags: 0
  m_IsActive: 1
--- !u!1 &182270
GameObject:
  m_ObjectHideFlags: 0
  m_PrefabParentObject: {fileID: 0}
  m_PrefabInternal: {fileID: 100100000}
  serializedVersion: 4
  m_Component:
  - 4: {fileID: 423096}
  - 137: {fileID: 13725266}
  m_Layer: 0
  m_Name: Kengooro
  m_TagString: Untagged
  m_Icon: {fileID: 0}
  m_NavMeshLayer: 0
  m_StaticEditorFlags: 0
  m_IsActive: 1
--- !u!1 &182288
GameObject:
  m_ObjectHideFlags: 1
  m_PrefabParentObject: {fileID: 0}
  m_PrefabInternal: {fileID: 100100000}
  serializedVersion: 4
  m_Component:
  - 4: {fileID: 431628}
  m_Layer: 0
  m_Name: RightHandIndex2
  m_TagString: Untagged
  m_Icon: {fileID: 0}
  m_NavMeshLayer: 0
  m_StaticEditorFlags: 0
  m_IsActive: 1
--- !u!1 &183254
GameObject:
  m_ObjectHideFlags: 1
  m_PrefabParentObject: {fileID: 0}
  m_PrefabInternal: {fileID: 100100000}
  serializedVersion: 4
  m_Component:
  - 4: {fileID: 435884}
  m_Layer: 0
  m_Name: LeftHandPinky3
  m_TagString: Untagged
  m_Icon: {fileID: 0}
  m_NavMeshLayer: 0
  m_StaticEditorFlags: 0
  m_IsActive: 1
--- !u!1 &183518
GameObject:
  m_ObjectHideFlags: 1
  m_PrefabParentObject: {fileID: 0}
  m_PrefabInternal: {fileID: 100100000}
  serializedVersion: 4
  m_Component:
  - 4: {fileID: 469852}
  m_Layer: 0
  m_Name: LeftLeg
  m_TagString: Untagged
  m_Icon: {fileID: 0}
  m_NavMeshLayer: 0
  m_StaticEditorFlags: 0
  m_IsActive: 1
--- !u!1 &183532
GameObject:
  m_ObjectHideFlags: 1
  m_PrefabParentObject: {fileID: 0}
  m_PrefabInternal: {fileID: 100100000}
  serializedVersion: 4
  m_Component:
  - 4: {fileID: 454672}
  m_Layer: 0
  m_Name: RightEar2
  m_TagString: Untagged
  m_Icon: {fileID: 0}
  m_NavMeshLayer: 0
  m_StaticEditorFlags: 0
  m_IsActive: 1
--- !u!1 &183818
GameObject:
  m_ObjectHideFlags: 1
  m_PrefabParentObject: {fileID: 0}
  m_PrefabInternal: {fileID: 100100000}
  serializedVersion: 4
  m_Component:
  - 4: {fileID: 490540}
  m_Layer: 0
  m_Name: Nose
  m_TagString: Untagged
  m_Icon: {fileID: 0}
  m_NavMeshLayer: 0
  m_StaticEditorFlags: 0
  m_IsActive: 1
--- !u!1 &184940
GameObject:
  m_ObjectHideFlags: 1
  m_PrefabParentObject: {fileID: 0}
  m_PrefabInternal: {fileID: 100100000}
  serializedVersion: 4
  m_Component:
  - 4: {fileID: 492518}
  m_Layer: 0
  m_Name: LeftForeArm
  m_TagString: Untagged
  m_Icon: {fileID: 0}
  m_NavMeshLayer: 0
  m_StaticEditorFlags: 0
  m_IsActive: 1
--- !u!1 &184960
GameObject:
  m_ObjectHideFlags: 1
  m_PrefabParentObject: {fileID: 0}
  m_PrefabInternal: {fileID: 100100000}
  serializedVersion: 4
  m_Component:
  - 4: {fileID: 414040}
  m_Layer: 0
  m_Name: Spine
  m_TagString: Untagged
  m_Icon: {fileID: 0}
  m_NavMeshLayer: 0
  m_StaticEditorFlags: 0
  m_IsActive: 1
--- !u!1 &185938
GameObject:
  m_ObjectHideFlags: 0
  m_PrefabParentObject: {fileID: 0}
  m_PrefabInternal: {fileID: 100100000}
  serializedVersion: 4
  m_Component:
  - 4: {fileID: 422362}
  m_Layer: 0
  m_Name: Hips
  m_TagString: Untagged
  m_Icon: {fileID: 0}
  m_NavMeshLayer: 0
  m_StaticEditorFlags: 0
  m_IsActive: 1
--- !u!1 &187488
GameObject:
  m_ObjectHideFlags: 1
  m_PrefabParentObject: {fileID: 0}
  m_PrefabInternal: {fileID: 100100000}
  serializedVersion: 4
  m_Component:
  - 4: {fileID: 442356}
  m_Layer: 0
  m_Name: RightLeg
  m_TagString: Untagged
  m_Icon: {fileID: 0}
  m_NavMeshLayer: 0
  m_StaticEditorFlags: 0
  m_IsActive: 1
--- !u!1 &188374
GameObject:
  m_ObjectHideFlags: 1
  m_PrefabParentObject: {fileID: 0}
  m_PrefabInternal: {fileID: 100100000}
  serializedVersion: 4
  m_Component:
  - 4: {fileID: 484042}
  m_Layer: 0
  m_Name: Bandana3
  m_TagString: Untagged
  m_Icon: {fileID: 0}
  m_NavMeshLayer: 0
  m_StaticEditorFlags: 0
  m_IsActive: 1
--- !u!1 &188426
GameObject:
  m_ObjectHideFlags: 1
  m_PrefabParentObject: {fileID: 0}
  m_PrefabInternal: {fileID: 100100000}
  serializedVersion: 4
  m_Component:
  - 4: {fileID: 496896}
  m_Layer: 0
  m_Name: Jaw
  m_TagString: Untagged
  m_Icon: {fileID: 0}
  m_NavMeshLayer: 0
  m_StaticEditorFlags: 0
  m_IsActive: 1
--- !u!1 &189568
GameObject:
  m_ObjectHideFlags: 1
  m_PrefabParentObject: {fileID: 0}
  m_PrefabInternal: {fileID: 100100000}
  serializedVersion: 4
  m_Component:
  - 4: {fileID: 429126}
  m_Layer: 0
  m_Name: LeftHandThumb2
  m_TagString: Untagged
  m_Icon: {fileID: 0}
  m_NavMeshLayer: 0
  m_StaticEditorFlags: 0
  m_IsActive: 1
--- !u!1 &190412
GameObject:
  m_ObjectHideFlags: 1
  m_PrefabParentObject: {fileID: 0}
  m_PrefabInternal: {fileID: 100100000}
  serializedVersion: 4
  m_Component:
  - 4: {fileID: 412040}
  m_Layer: 0
  m_Name: LeftToeBase
  m_TagString: Untagged
  m_Icon: {fileID: 0}
  m_NavMeshLayer: 0
  m_StaticEditorFlags: 0
  m_IsActive: 1
--- !u!1 &191012
GameObject:
  m_ObjectHideFlags: 1
  m_PrefabParentObject: {fileID: 0}
  m_PrefabInternal: {fileID: 100100000}
  serializedVersion: 4
  m_Component:
  - 4: {fileID: 407282}
  m_Layer: 0
  m_Name: Tail3
  m_TagString: Untagged
  m_Icon: {fileID: 0}
  m_NavMeshLayer: 0
  m_StaticEditorFlags: 0
  m_IsActive: 1
--- !u!1 &193978
GameObject:
  m_ObjectHideFlags: 1
  m_PrefabParentObject: {fileID: 0}
  m_PrefabInternal: {fileID: 100100000}
  serializedVersion: 4
  m_Component:
  - 4: {fileID: 433638}
  m_Layer: 0
  m_Name: LeftHandIndex2
  m_TagString: Untagged
  m_Icon: {fileID: 0}
  m_NavMeshLayer: 0
  m_StaticEditorFlags: 0
  m_IsActive: 1
--- !u!1 &194034
GameObject:
  m_ObjectHideFlags: 1
  m_PrefabParentObject: {fileID: 0}
  m_PrefabInternal: {fileID: 100100000}
  serializedVersion: 4
  m_Component:
  - 4: {fileID: 455114}
  m_Layer: 0
  m_Name: LeftHandIndex1
  m_TagString: Untagged
  m_Icon: {fileID: 0}
  m_NavMeshLayer: 0
  m_StaticEditorFlags: 0
  m_IsActive: 1
--- !u!1 &194310
GameObject:
  m_ObjectHideFlags: 1
  m_PrefabParentObject: {fileID: 0}
  m_PrefabInternal: {fileID: 100100000}
  serializedVersion: 4
  m_Component:
  - 4: {fileID: 434558}
  m_Layer: 0
  m_Name: RightHandRing1
  m_TagString: Untagged
  m_Icon: {fileID: 0}
  m_NavMeshLayer: 0
  m_StaticEditorFlags: 0
  m_IsActive: 1
--- !u!1 &194834
GameObject:
  m_ObjectHideFlags: 1
  m_PrefabParentObject: {fileID: 0}
  m_PrefabInternal: {fileID: 100100000}
  serializedVersion: 4
  m_Component:
  - 4: {fileID: 414768}
  m_Layer: 0
  m_Name: RightHandPinky3
  m_TagString: Untagged
  m_Icon: {fileID: 0}
  m_NavMeshLayer: 0
  m_StaticEditorFlags: 0
  m_IsActive: 1
--- !u!1 &195866
GameObject:
  m_ObjectHideFlags: 1
  m_PrefabParentObject: {fileID: 0}
  m_PrefabInternal: {fileID: 100100000}
  serializedVersion: 4
  m_Component:
  - 4: {fileID: 410284}
  m_Layer: 0
  m_Name: RightForeArm
  m_TagString: Untagged
  m_Icon: {fileID: 0}
  m_NavMeshLayer: 0
  m_StaticEditorFlags: 0
  m_IsActive: 1
--- !u!1 &196784
GameObject:
  m_ObjectHideFlags: 1
  m_PrefabParentObject: {fileID: 0}
  m_PrefabInternal: {fileID: 100100000}
  serializedVersion: 4
  m_Component:
  - 4: {fileID: 483118}
  m_Layer: 0
  m_Name: Bone006
  m_TagString: Untagged
  m_Icon: {fileID: 0}
  m_NavMeshLayer: 0
  m_StaticEditorFlags: 0
  m_IsActive: 1
--- !u!1 &196962
GameObject:
  m_ObjectHideFlags: 1
  m_PrefabParentObject: {fileID: 0}
  m_PrefabInternal: {fileID: 100100000}
  serializedVersion: 4
  m_Component:
  - 4: {fileID: 477088}
  m_Layer: 0
  m_Name: Bandana1
  m_TagString: Untagged
  m_Icon: {fileID: 0}
  m_NavMeshLayer: 0
  m_StaticEditorFlags: 0
  m_IsActive: 1
--- !u!1 &197012
GameObject:
  m_ObjectHideFlags: 1
  m_PrefabParentObject: {fileID: 0}
  m_PrefabInternal: {fileID: 100100000}
  serializedVersion: 4
  m_Component:
  - 4: {fileID: 439282}
  m_Layer: 0
  m_Name: Spine1
  m_TagString: Untagged
  m_Icon: {fileID: 0}
  m_NavMeshLayer: 0
  m_StaticEditorFlags: 0
  m_IsActive: 1
--- !u!1 &197934
GameObject:
  m_ObjectHideFlags: 1
  m_PrefabParentObject: {fileID: 0}
  m_PrefabInternal: {fileID: 100100000}
  serializedVersion: 4
  m_Component:
  - 4: {fileID: 442996}
  m_Layer: 0
  m_Name: LeftUpLeg
  m_TagString: Untagged
  m_Icon: {fileID: 0}
  m_NavMeshLayer: 0
  m_StaticEditorFlags: 0
  m_IsActive: 1
--- !u!1 &198974
GameObject:
  m_ObjectHideFlags: 1
  m_PrefabParentObject: {fileID: 0}
  m_PrefabInternal: {fileID: 100100000}
  serializedVersion: 4
  m_Component:
  - 4: {fileID: 442808}
  m_Layer: 0
  m_Name: Backpack1
  m_TagString: Untagged
  m_Icon: {fileID: 0}
  m_NavMeshLayer: 0
  m_StaticEditorFlags: 0
  m_IsActive: 1
--- !u!4 &400368
Transform:
  m_ObjectHideFlags: 1
  m_PrefabParentObject: {fileID: 0}
  m_PrefabInternal: {fileID: 100100000}
  m_GameObject: {fileID: 167208}
  m_LocalRotation: {x: -0.7656797, y: 0.33476344, z: 0.14270085, w: 0.53038144}
  m_LocalPosition: {x: -0.033251718, y: 0.01652508, z: 0.01600484}
  m_LocalScale: {x: 1.0000001, y: 1, z: 1}
  m_Children:
  - {fileID: 402942}
  m_Father: {fileID: 439672}
  m_RootOrder: 9
--- !u!4 &402942
Transform:
  m_ObjectHideFlags: 1
  m_PrefabParentObject: {fileID: 0}
  m_PrefabInternal: {fileID: 100100000}
  m_GameObject: {fileID: 156534}
  m_LocalRotation: {x: 0, y: 0, z: 0, w: 1}
  m_LocalPosition: {x: -0.012057381, y: 0.000000019073486, z: 0}
  m_LocalScale: {x: 1, y: 0.99999994, z: 1}
  m_Children: []
  m_Father: {fileID: 400368}
  m_RootOrder: 0
--- !u!4 &404270
Transform:
  m_ObjectHideFlags: 1
  m_PrefabParentObject: {fileID: 0}
  m_PrefabInternal: {fileID: 100100000}
  m_GameObject: {fileID: 130406}
  m_LocalRotation: {x: 2.6728744e-16, y: -0.11315571, z: -4.459501e-17, w: 0.9935773}
  m_LocalPosition: {x: -0.032296866, y: -0.000000333786, z: 0}
  m_LocalScale: {x: 0.9999999, y: 0.99999994, z: 1}
  m_Children: []
  m_Father: {fileID: 454672}
  m_RootOrder: 0
--- !u!4 &406428
Transform:
  m_ObjectHideFlags: 1
  m_PrefabParentObject: {fileID: 0}
  m_PrefabInternal: {fileID: 100100000}
  m_GameObject: {fileID: 145338}
  m_LocalRotation: {x: -0.7071068, y: 0, z: -0, w: 0.7071068}
  m_LocalPosition: {x: 0, y: 0.00050460815, z: 0}
  m_LocalScale: {x: 0.40635127, y: 0.40635127, z: 0.40635127}
  m_Children: []
  m_Father: {fileID: 486274}
  m_RootOrder: 4
--- !u!4 &407282
Transform:
  m_ObjectHideFlags: 1
  m_PrefabParentObject: {fileID: 0}
  m_PrefabInternal: {fileID: 100100000}
  m_GameObject: {fileID: 191012}
  m_LocalRotation: {x: -0.012495336, y: 0.12526564, z: 0.09846854, w: 0.98714554}
  m_LocalPosition: {x: -0.057010993, y: -0.000000047683713, z: 0.000000007152557}
  m_LocalScale: {x: 1.0000001, y: 1, z: 1}
  m_Children:
  - {fileID: 421102}
  m_Father: {fileID: 436106}
  m_RootOrder: 0
--- !u!4 &408194
Transform:
  m_ObjectHideFlags: 1
  m_PrefabParentObject: {fileID: 0}
  m_PrefabInternal: {fileID: 100100000}
  m_GameObject: {fileID: 176532}
  m_LocalRotation: {x: 0.11850916, y: -0.17347534, z: 0.28727132, w: 0.9345251}
  m_LocalPosition: {x: -0.04389464, y: 0.0000009536743, z: 0.00000030994414}
  m_LocalScale: {x: 1, y: 0.99999994, z: 0.99999994}
  m_Children:
  - {fileID: 492518}
  m_Father: {fileID: 468968}
  m_RootOrder: 0
--- !u!4 &410284
Transform:
  m_ObjectHideFlags: 1
  m_PrefabParentObject: {fileID: 0}
  m_PrefabInternal: {fileID: 100100000}
  m_GameObject: {fileID: 195866}
  m_LocalRotation: {x: -0.013084155, y: 0.3404976, z: 0.007381829, w: 0.94012535}
  m_LocalPosition: {x: -0.04134942, y: -0.00000012397766, z: 0.00000032901764}
  m_LocalScale: {x: 1.0000001, y: 1.0000001, z: 1.0000001}
  m_Children:
  - {fileID: 460984}
  m_Father: {fileID: 451468}
  m_RootOrder: 0
--- !u!4 &411436
Transform:
  m_ObjectHideFlags: 1
  m_PrefabParentObject: {fileID: 0}
  m_PrefabInternal: {fileID: 100100000}
  m_GameObject: {fileID: 140950}
  m_LocalRotation: {x: -0.072525404, y: -0.062885545, z: 0.8634453, w: -0.49522492}
  m_LocalPosition: {x: -0.03950063, y: 0.0000006532669, z: 0.000000333786}
  m_LocalScale: {x: 1.0000001, y: 1.0000001, z: 1}
  m_Children:
  - {fileID: 465158}
  m_Father: {fileID: 442356}
  m_RootOrder: 0
--- !u!4 &412040
Transform:
  m_ObjectHideFlags: 1
  m_PrefabParentObject: {fileID: 0}
  m_PrefabInternal: {fileID: 100100000}
  m_GameObject: {fileID: 190412}
  m_LocalRotation: {x: -0.000025522948, y: -0.00000041625165, z: 0.15647309, w: 0.9876822}
  m_LocalPosition: {x: -0.04265688, y: -0.000000032186506, z: 0.00000027656554}
  m_LocalScale: {x: 0.9999999, y: 0.99999994, z: 1}
  m_Children:
  - {fileID: 451110}
  m_Father: {fileID: 447680}
  m_RootOrder: 0
--- !u!4 &412452
Transform:
  m_ObjectHideFlags: 1
  m_PrefabParentObject: {fileID: 0}
  m_PrefabInternal: {fileID: 100100000}
  m_GameObject: {fileID: 145158}
  m_LocalRotation: {x: 0, y: 0, z: 1.2246469e-16, w: 1}
  m_LocalPosition: {x: -0.01790669, y: 0.0000008678436, z: -0.000000009536743}
  m_LocalScale: {x: 0.99999994, y: 0.99999994, z: 0.9999999}
  m_Children: []
  m_Father: {fileID: 460984}
  m_RootOrder: 0
--- !u!4 &414040
Transform:
  m_ObjectHideFlags: 1
  m_PrefabParentObject: {fileID: 0}
  m_PrefabInternal: {fileID: 100100000}
  m_GameObject: {fileID: 184960}
  m_LocalRotation: {x: 0.0034886852, y: 0.13008544, z: -0.00045279597, w: 0.99149656}
  m_LocalPosition: {x: -0.041867588, y: -0.00000038638711, z: -0.000004632473}
  m_LocalScale: {x: 1.0000001, y: 1, z: 1}
  m_Children:
  - {fileID: 439282}
  m_Father: {fileID: 422362}
  m_RootOrder: 2
--- !u!4 &414768
Transform:
  m_ObjectHideFlags: 1
  m_PrefabParentObject: {fileID: 0}
  m_PrefabInternal: {fileID: 100100000}
  m_GameObject: {fileID: 194834}
  m_LocalRotation: {x: 0.00026236055, y: -0.09091986, z: 0.002900252, w: 0.99585396}
  m_LocalPosition: {x: -0.0100758355, y: 0.00000012874602, z: 0.000000085830685}
  m_LocalScale: {x: 0.99999994, y: 0.99999994, z: 1}
  m_Children: []
  m_Father: {fileID: 443948}
  m_RootOrder: 0
--- !u!4 &415366
Transform:
  m_ObjectHideFlags: 1
  m_PrefabParentObject: {fileID: 0}
  m_PrefabInternal: {fileID: 100100000}
  m_GameObject: {fileID: 106848}
  m_LocalRotation: {x: 0.03515445, y: -0.352833, z: -0.21482773, w: 0.9100121}
  m_LocalPosition: {x: -0.060534324, y: 0.01956379, z: 0.002526722}
  m_LocalScale: {x: 1, y: 1, z: 1}
  m_Children:
  - {fileID: 454672}
  m_Father: {fileID: 439672}
  m_RootOrder: 7
--- !u!4 &420394
Transform:
  m_ObjectHideFlags: 1
  m_PrefabParentObject: {fileID: 0}
  m_PrefabInternal: {fileID: 100100000}
  m_GameObject: {fileID: 133410}
  m_LocalRotation: {x: -0.000000026978487, y: -0.11315595, z: -0.0000002368873, w: 0.99357724}
  m_LocalPosition: {x: -0.032296922, y: 0.000000333786, z: 0.000000014305114}
  m_LocalScale: {x: 0.99999994, y: 1, z: 1}
  m_Children: []
  m_Father: {fileID: 476246}
  m_RootOrder: 0
--- !u!4 &421078
Transform:
  m_ObjectHideFlags: 1
  m_PrefabParentObject: {fileID: 0}
  m_PrefabInternal: {fileID: 100100000}
  m_GameObject: {fileID: 120416}
  m_LocalRotation: {x: 0.5177836, y: 0.6234583, z: -0.41289228, w: 0.41559577}
  m_LocalPosition: {x: -0.032998085, y: -0.017475199, z: 0.01607832}
  m_LocalScale: {x: 1, y: 1, z: 1}
  m_Children:
  - {fileID: 481500}
  m_Father: {fileID: 439672}
  m_RootOrder: 4
--- !u!4 &421102
Transform:
  m_ObjectHideFlags: 1
  m_PrefabParentObject: {fileID: 0}
  m_PrefabInternal: {fileID: 100100000}
  m_GameObject: {fileID: 148818}
  m_LocalRotation: {x: -0.01216384, y: 0.12531489, z: 0.09584342, w: 0.9874018}
  m_LocalPosition: {x: -0.043186426, y: 0, z: 0.0000000047683715}
  m_LocalScale: {x: 1.0000001, y: 1, z: 1}
  m_Children:
  - {fileID: 467084}
  m_Father: {fileID: 407282}
  m_RootOrder: 0
--- !u!4 &422362
Transform:
  m_ObjectHideFlags: 1
  m_PrefabParentObject: {fileID: 0}
  m_PrefabInternal: {fileID: 100100000}
  m_GameObject: {fileID: 185938}
  m_LocalRotation: {x: -0.09200811, y: -0.09200343, z: -0.70109594, w: 0.7010951}
  m_LocalPosition: {x: 0.0005200133, y: 0.05616652, z: -0.003040697}
  m_LocalScale: {x: 0.99999994, y: 1, z: 0.99999994}
  m_Children:
  - {fileID: 442996}
  - {fileID: 491034}
  - {fileID: 414040}
  - {fileID: 424022}
  m_Father: {fileID: 486274}
  m_RootOrder: 0
--- !u!4 &422884
Transform:
  m_ObjectHideFlags: 1
  m_PrefabParentObject: {fileID: 0}
  m_PrefabInternal: {fileID: 100100000}
  m_GameObject: {fileID: 161510}
  m_LocalRotation: {x: -0.49343747, y: 0.64261234, z: 0.42773694, w: 0.40076172}
  m_LocalPosition: {x: -0.032956466, y: 0.016524782, z: 0.016091585}
  m_LocalScale: {x: 1, y: 1, z: 0.99999994}
  m_Children:
  - {fileID: 461456}
  m_Father: {fileID: 439672}
  m_RootOrder: 8
--- !u!4 &423096
Transform:
  m_ObjectHideFlags: 1
  m_PrefabParentObject: {fileID: 0}
  m_PrefabInternal: {fileID: 100100000}
  m_GameObject: {fileID: 182270}
  m_LocalRotation: {x: -0.7071068, y: 0, z: -0, w: 0.7071068}
  m_LocalPosition: {x: 0, y: 0, z: 0}
  m_LocalScale: {x: 1, y: 1, z: 1}
  m_Children: []
  m_Father: {fileID: 486274}
  m_RootOrder: 1
--- !u!4 &424022
Transform:
  m_ObjectHideFlags: 1
  m_PrefabParentObject: {fileID: 0}
  m_PrefabInternal: {fileID: 100100000}
  m_GameObject: {fileID: 149188}
  m_LocalRotation: {x: 0.40151754, y: 0.57502854, z: 0.5830187, w: -0.4101403}
  m_LocalPosition: {x: -0.035027675, y: -0.00052052253, z: -0.033095572}
  m_LocalScale: {x: 1.0000001, y: 1, z: 1}
  m_Children:
  - {fileID: 436106}
  m_Father: {fileID: 422362}
  m_RootOrder: 3
--- !u!4 &426280
Transform:
  m_ObjectHideFlags: 1
  m_PrefabParentObject: {fileID: 0}
  m_PrefabInternal: {fileID: 100100000}
  m_GameObject: {fileID: 107204}
  m_LocalRotation: {x: 0.6481895, y: 0.09090582, z: -0.28442904, w: 0.7004903}
  m_LocalPosition: {x: -0.012747016, y: 0.0025741672, z: 0.009356852}
  m_LocalScale: {x: 1, y: 0.99999994, z: 1}
  m_Children:
  - {fileID: 497116}
  m_Father: {fileID: 460984}
  m_RootOrder: 4
--- !u!4 &428066
Transform:
  m_ObjectHideFlags: 1
  m_PrefabParentObject: {fileID: 0}
  m_PrefabInternal: {fileID: 100100000}
  m_GameObject: {fileID: 172176}
  m_LocalRotation: {x: 0.00000013126262, y: -0.11686713, z: 0.0000004917969, w: 0.99314755}
  m_LocalPosition: {x: -0.010343799, y: 0.000000088214875, z: 0.000000028610229}
  m_LocalScale: {x: 1.0000001, y: 0.9999999, z: 1}
  m_Children: []
  m_Father: {fileID: 481092}
  m_RootOrder: 0
--- !u!4 &429080
Transform:
  m_ObjectHideFlags: 1
  m_PrefabParentObject: {fileID: 0}
  m_PrefabInternal: {fileID: 100100000}
  m_GameObject: {fileID: 123574}
  m_LocalRotation: {x: 0, y: 0, z: 0, w: 1}
  m_LocalPosition: {x: -0.0267697, y: 0.000000019073486, z: 0.0000000035762786}
  m_LocalScale: {x: 0.99999994, y: 0.9999999, z: 1}
  m_Children: []
  m_Father: {fileID: 442808}
  m_RootOrder: 0
--- !u!4 &429126
Transform:
  m_ObjectHideFlags: 1
  m_PrefabParentObject: {fileID: 0}
  m_PrefabInternal: {fileID: 100100000}
  m_GameObject: {fileID: 189568}
  m_LocalRotation: {x: 0.0000034256534, y: -0.0000002842345, z: -0.18317492, w: 0.9830803}
  m_LocalPosition: {x: -0.011136431, y: -0.0000002813339, z: -0.00000028610228}
  m_LocalScale: {x: 1.0000001, y: 1, z: 1}
  m_Children:
  - {fileID: 457054}
  m_Father: {fileID: 483338}
  m_RootOrder: 0
--- !u!4 &430806
Transform:
  m_ObjectHideFlags: 1
  m_PrefabParentObject: {fileID: 0}
  m_PrefabInternal: {fileID: 100100000}
  m_GameObject: {fileID: 158926}
  m_LocalRotation: {x: -0.21772058, y: -0.042606015, z: -0.07285962, w: 0.9723549}
  m_LocalPosition: {x: -0.03166209, y: -0.0000004005432, z: 0.00000036239624}
  m_LocalScale: {x: 1.0000001, y: 0.99999994, z: 0.9999997}
  m_Children:
  - {fileID: 452438}
  - {fileID: 455114}
  - {fileID: 498308}
  - {fileID: 452082}
  - {fileID: 483338}
  m_Father: {fileID: 492518}
  m_RootOrder: 0
--- !u!4 &431628
Transform:
  m_ObjectHideFlags: 1
  m_PrefabParentObject: {fileID: 0}
  m_PrefabInternal: {fileID: 100100000}
  m_GameObject: {fileID: 182288}
  m_LocalRotation: {x: 0.0002670867, y: -0.24704117, z: -0.008478391, w: 0.9689679}
  m_LocalPosition: {x: -0.011310915, y: 0.0000001001358, z: -0.000000076293944}
  m_LocalScale: {x: 1.0000001, y: 1, z: 0.9999999}
  m_Children:
  - {fileID: 453746}
  m_Father: {fileID: 491270}
  m_RootOrder: 0
--- !u!4 &432716
Transform:
  m_ObjectHideFlags: 1
  m_PrefabParentObject: {fileID: 0}
  m_PrefabInternal: {fileID: 100100000}
  m_GameObject: {fileID: 161640}
  m_LocalRotation: {x: -1.2246469e-16, y: -5.8395706e-23, z: 0.00000047683713, w: 1}
  m_LocalPosition: {x: -0.012057361, y: -0.000000019073486, z: 0.0000000023841857}
  m_LocalScale: {x: 1, y: 0.99999994, z: 0.99999994}
  m_Children: []
  m_Father: {fileID: 479530}
  m_RootOrder: 0
--- !u!4 &432880
Transform:
  m_ObjectHideFlags: 1
  m_PrefabParentObject: {fileID: 0}
  m_PrefabInternal: {fileID: 100100000}
  m_GameObject: {fileID: 145160}
  m_LocalRotation: {x: -0.7071068, y: 0, z: -0, w: 0.7071068}
  m_LocalPosition: {x: 0, y: 0, z: 0}
  m_LocalScale: {x: 0.40635127, y: 0.40635127, z: 0.40635127}
  m_Children: []
  m_Father: {fileID: 486274}
  m_RootOrder: 2
--- !u!4 &433450
Transform:
  m_ObjectHideFlags: 1
  m_PrefabParentObject: {fileID: 0}
  m_PrefabInternal: {fileID: 100100000}
  m_GameObject: {fileID: 158378}
  m_LocalRotation: {x: 0.015371812, y: -0.29043278, z: 0.059868705, w: 0.954897}
  m_LocalPosition: {x: -0.008937273, y: -0.00000027656554, z: -0.0000000667572}
  m_LocalScale: {x: 1.0000005, y: 1.0000001, z: 0.99999976}
  m_Children:
  - {fileID: 435884}
  m_Father: {fileID: 498308}
  m_RootOrder: 0
--- !u!4 &433638
Transform:
  m_ObjectHideFlags: 1
  m_PrefabParentObject: {fileID: 0}
  m_PrefabInternal: {fileID: 100100000}
  m_GameObject: {fileID: 193978}
  m_LocalRotation: {x: -0.00032054327, y: -0.27445954, z: 0.0096396115, w: 0.9615503}
  m_LocalPosition: {x: -0.011310811, y: -0.00000008106232, z: -0.00000010967254}
  m_LocalScale: {x: 1, y: 1, z: 1.0000001}
  m_Children:
  - {fileID: 470032}
  m_Father: {fileID: 455114}
  m_RootOrder: 0
--- !u!4 &434558
Transform:
  m_ObjectHideFlags: 1
  m_PrefabParentObject: {fileID: 0}
  m_PrefabInternal: {fileID: 100100000}
  m_GameObject: {fileID: 194310}
  m_LocalRotation: {x: 0.6950136, y: -0.22806738, z: -0.16042188, w: 0.6627264}
  m_LocalPosition: {x: -0.025297416, y: 0.0013204097, z: -0.0027247523}
  m_LocalScale: {x: 1, y: 1, z: 0.99999994}
  m_Children:
  - {fileID: 481092}
  m_Father: {fileID: 460984}
  m_RootOrder: 3
--- !u!4 &435884
Transform:
  m_ObjectHideFlags: 1
  m_PrefabParentObject: {fileID: 0}
  m_PrefabInternal: {fileID: 100100000}
  m_GameObject: {fileID: 183254}
  m_LocalRotation: {x: -0.0002618215, y: -0.09092047, z: -0.002899748, w: 0.9958539}
  m_LocalPosition: {x: -0.010075874, y: 0.00000006437301, z: 0.000000042915342}
  m_LocalScale: {x: 1.0000001, y: 1, z: 1}
  m_Children: []
  m_Father: {fileID: 433450}
  m_RootOrder: 0
--- !u!4 &436106
Transform:
  m_ObjectHideFlags: 1
  m_PrefabParentObject: {fileID: 0}
  m_PrefabInternal: {fileID: 100100000}
  m_GameObject: {fileID: 137518}
  m_LocalRotation: {x: -0.008925134, y: 0.0665619, z: 0.13259876, w: 0.988892}
  m_LocalPosition: {x: -0.05047945, y: 0.000000009536743, z: 0.0000000055506826}
  m_LocalScale: {x: 1.0000001, y: 1, z: 0.99999994}
  m_Children:
  - {fileID: 407282}
  m_Father: {fileID: 424022}
  m_RootOrder: 0
--- !u!4 &439282
Transform:
  m_ObjectHideFlags: 1
  m_PrefabParentObject: {fileID: 0}
  m_PrefabInternal: {fileID: 100100000}
  m_GameObject: {fileID: 197012}
  m_LocalRotation: {x: -0.0022165019, y: 0.09961035, z: -0.0006330497, w: 0.9950239}
  m_LocalPosition: {x: -0.054891434, y: -0.0000000093877315, z: -0.00000013232231}
  m_LocalScale: {x: 0.99999994, y: 0.99999994, z: 0.9999999}
  m_Children:
  - {fileID: 442808}
  - {fileID: 468968}
  - {fileID: 486812}
  - {fileID: 475474}
  m_Father: {fileID: 414040}
  m_RootOrder: 0
--- !u!4 &439672
Transform:
  m_ObjectHideFlags: 1
  m_PrefabParentObject: {fileID: 0}
  m_PrefabInternal: {fileID: 100100000}
  m_GameObject: {fileID: 170050}
  m_LocalRotation: {x: -0.00043122144, y: -0.07380686, z: -0.0054812944, w: 0.9972574}
  m_LocalPosition: {x: -0.017184542, y: -0.0000005972385, z: -0.0000015735626}
  m_LocalScale: {x: 0.9999999, y: 0.99999994, z: 1.0000001}
  m_Children:
  - {fileID: 477088}
  - {fileID: 483118}
  - {fileID: 496896}
  - {fileID: 472498}
  - {fileID: 421078}
  - {fileID: 479530}
  - {fileID: 490540}
  - {fileID: 415366}
  - {fileID: 422884}
  - {fileID: 400368}
  m_Father: {fileID: 486812}
  m_RootOrder: 0
--- !u!4 &440548
Transform:
  m_ObjectHideFlags: 1
  m_PrefabParentObject: {fileID: 0}
  m_PrefabInternal: {fileID: 100100000}
  m_GameObject: {fileID: 162474}
  m_LocalRotation: {x: 0.035427522, y: 0.07832638, z: -0.088267274, w: 0.9923804}
  m_LocalPosition: {x: -0.023810977, y: 0.000000019073486, z: 0.000000007152557}
  m_LocalScale: {x: 1, y: 1.0000001, z: 0.99999994}
  m_Children:
  - {fileID: 484042}
  m_Father: {fileID: 477088}
  m_RootOrder: 0
--- !u!4 &442356
Transform:
  m_ObjectHideFlags: 1
  m_PrefabParentObject: {fileID: 0}
  m_PrefabInternal: {fileID: 100100000}
  m_GameObject: {fileID: 187488}
  m_LocalRotation: {x: 0.000051467923, y: 0.0000022590418, z: 0.5164704, w: 0.8563051}
  m_LocalPosition: {x: -0.0376311, y: -0.0000051398765, z: 0.00000039720288}
  m_LocalScale: {x: 1.0000001, y: 1, z: 0.99999994}
  m_Children:
  - {fileID: 411436}
  m_Father: {fileID: 491034}
  m_RootOrder: 0
--- !u!4 &442808
Transform:
  m_ObjectHideFlags: 1
  m_PrefabParentObject: {fileID: 0}
  m_PrefabInternal: {fileID: 100100000}
  m_GameObject: {fileID: 198974}
  m_LocalRotation: {x: 0.5166416, y: 0.48219916, z: 0.53409886, w: -0.4640084}
  m_LocalPosition: {x: 0.003165406, y: -0.00025520028, z: -0.03845436}
  m_LocalScale: {x: 1, y: 0.9999998, z: 0.99999994}
  m_Children:
  - {fileID: 429080}
  m_Father: {fileID: 439282}
  m_RootOrder: 0
--- !u!4 &442996
Transform:
  m_ObjectHideFlags: 1
  m_PrefabParentObject: {fileID: 0}
  m_PrefabInternal: {fileID: 100100000}
  m_GameObject: {fileID: 197934}
  m_LocalRotation: {x: -0.01106086, y: 0.74688476, z: -0.66485894, w: 0.0018730558}
  m_LocalPosition: {x: -0.02727128, y: -0.03852287, z: 0.010430467}
  m_LocalScale: {x: 1, y: 0.9999999, z: 1}
  m_Children:
  - {fileID: 469852}
  m_Father: {fileID: 422362}
  m_RootOrder: 0
--- !u!4 &443948
Transform:
  m_ObjectHideFlags: 1
  m_PrefabParentObject: {fileID: 0}
  m_PrefabInternal: {fileID: 100100000}
  m_GameObject: {fileID: 100752}
  m_LocalRotation: {x: -0.013961782, y: -0.26329625, z: -0.059321567, w: 0.9627882}
  m_LocalPosition: {x: -0.00893712, y: 0.00000009298324, z: -0.00000009059906}
  m_LocalScale: {x: 1.0000002, y: 1.0000001, z: 0.9999997}
  m_Children:
  - {fileID: 414768}
  m_Father: {fileID: 462892}
  m_RootOrder: 0
--- !u!4 &447680
Transform:
  m_ObjectHideFlags: 1
  m_PrefabParentObject: {fileID: 0}
  m_PrefabInternal: {fileID: 100100000}
  m_GameObject: {fileID: 141786}
  m_LocalRotation: {x: -0.07244592, y: 0.062925875, z: 0.86346173, w: 0.4952027}
  m_LocalPosition: {x: -0.03950148, y: -0.0000003232425, z: 0.00000019841589}
  m_LocalScale: {x: 0.99999976, y: 0.99999994, z: 0.9999999}
  m_Children:
  - {fileID: 412040}
  m_Father: {fileID: 469852}
  m_RootOrder: 0
--- !u!4 &451110
Transform:
  m_ObjectHideFlags: 1
  m_PrefabParentObject: {fileID: 0}
  m_PrefabInternal: {fileID: 100100000}
  m_GameObject: {fileID: 172240}
  m_LocalRotation: {x: 0, y: 0.0000002384186, z: -0, w: 1}
  m_LocalPosition: {x: -0.025012353, y: 0.000000005364418, z: -0.000000007152557}
  m_LocalScale: {x: 1.0000001, y: 1, z: 1.0000001}
  m_Children: []
  m_Father: {fileID: 412040}
  m_RootOrder: 0
--- !u!4 &451468
Transform:
  m_ObjectHideFlags: 1
  m_PrefabParentObject: {fileID: 0}
  m_PrefabInternal: {fileID: 100100000}
  m_GameObject: {fileID: 123448}
  m_LocalRotation: {x: -0.12843154, y: -0.1796817, z: -0.28694153, w: 0.9321397}
  m_LocalPosition: {x: -0.04389527, y: -0.000000705719, z: 0.00000023663044}
  m_LocalScale: {x: 1.0000001, y: 1.0000002, z: 1.0000001}
  m_Children:
  - {fileID: 410284}
  m_Father: {fileID: 475474}
  m_RootOrder: 0
--- !u!4 &452082
Transform:
  m_ObjectHideFlags: 1
  m_PrefabParentObject: {fileID: 0}
  m_PrefabInternal: {fileID: 100100000}
  m_GameObject: {fileID: 155288}
  m_LocalRotation: {x: -0.6909907, y: -0.2459044, z: 0.18088578, w: 0.655243}
  m_LocalPosition: {x: -0.02529737, y: -0.001320219, z: -0.0027246166}
  m_LocalScale: {x: 0.9999999, y: 1, z: 1}
  m_Children:
  - {fileID: 472290}
  m_Father: {fileID: 430806}
  m_RootOrder: 3
--- !u!4 &452438
Transform:
  m_ObjectHideFlags: 1
  m_PrefabParentObject: {fileID: 0}
  m_PrefabInternal: {fileID: 100100000}
  m_GameObject: {fileID: 157582}
  m_LocalRotation: {x: 0, y: 0.0000002384186, z: -0, w: 1}
  m_LocalPosition: {x: -0.017906684, y: -0.0000008392334, z: -0.000000019073486}
  m_LocalScale: {x: 0.99999994, y: 1, z: 1}
  m_Children: []
  m_Father: {fileID: 430806}
  m_RootOrder: 0
--- !u!4 &453746
Transform:
  m_ObjectHideFlags: 1
  m_PrefabParentObject: {fileID: 0}
  m_PrefabInternal: {fileID: 100100000}
  m_GameObject: {fileID: 107360}
  m_LocalRotation: {x: 0.00017316689, y: -0.072964594, z: 0.0007014707, w: 0.9973343}
  m_LocalPosition: {x: -0.010702152, y: -0.00000012636184, z: -0.0000001335144}
  m_LocalScale: {x: 0.99999994, y: 1, z: 1.0000001}
  m_Children: []
  m_Father: {fileID: 431628}
  m_RootOrder: 0
--- !u!4 &454672
Transform:
  m_ObjectHideFlags: 1
  m_PrefabParentObject: {fileID: 0}
  m_PrefabInternal: {fileID: 100100000}
  m_GameObject: {fileID: 183532}
  m_LocalRotation: {x: -0.07417699, y: 0.18170065, z: 0.07272449, w: 0.9778516}
  m_LocalPosition: {x: -0.0223003, y: -0.000000009536743, z: 0}
  m_LocalScale: {x: 0.9999998, y: 1, z: 0.9999998}
  m_Children:
  - {fileID: 404270}
  m_Father: {fileID: 415366}
  m_RootOrder: 0
--- !u!4 &455114
Transform:
  m_ObjectHideFlags: 1
  m_PrefabParentObject: {fileID: 0}
  m_PrefabInternal: {fileID: 100100000}
  m_GameObject: {fileID: 194034}
  m_LocalRotation: {x: -0.6924396, y: -0.21057716, z: 0.15722173, w: 0.67191225}
  m_LocalPosition: {x: -0.02109478, y: -0.0033480548, z: 0.0061671683}
  m_LocalScale: {x: 0.99999994, y: 1, z: 0.9999999}
  m_Children:
  - {fileID: 433638}
  m_Father: {fileID: 430806}
  m_RootOrder: 1
--- !u!4 &455480
Transform:
  m_ObjectHideFlags: 1
  m_PrefabParentObject: {fileID: 0}
  m_PrefabInternal: {fileID: 100100000}
  m_GameObject: {fileID: 145126}
  m_LocalRotation: {x: 0, y: 0, z: 0, w: 1}
  m_LocalPosition: {x: -0.03522742, y: 0.000000057220458, z: -0.0000000040233132}
  m_LocalScale: {x: 1.0000001, y: 1.0000001, z: 1.0000001}
  m_Children: []
  m_Father: {fileID: 496896}
  m_RootOrder: 0
--- !u!4 &457054
Transform:
  m_ObjectHideFlags: 1
  m_PrefabParentObject: {fileID: 0}
  m_PrefabInternal: {fileID: 100100000}
  m_GameObject: {fileID: 164270}
  m_LocalRotation: {x: 0.0000004878074, y: 0.00000054498094, z: 0.0000012260107, w: 1}
  m_LocalPosition: {x: -0.0095978305, y: -0.000000095367426, z: -0.0000000047683715}
  m_LocalScale: {x: 0.9999999, y: 0.9999998, z: 0.99999994}
  m_Children: []
  m_Father: {fileID: 429126}
  m_RootOrder: 0
--- !u!4 &460984
Transform:
  m_ObjectHideFlags: 1
  m_PrefabParentObject: {fileID: 0}
  m_PrefabInternal: {fileID: 100100000}
  m_GameObject: {fileID: 162040}
  m_LocalRotation: {x: 0.28110108, y: -0.099157356, z: 0.0670897, w: 0.9521812}
  m_LocalPosition: {x: -0.03166298, y: 0.000000667572, z: 0.00000020503997}
  m_LocalScale: {x: 1, y: 0.9999997, z: 0.9999999}
  m_Children:
  - {fileID: 412452}
  - {fileID: 491270}
  - {fileID: 462892}
  - {fileID: 434558}
  - {fileID: 426280}
  m_Father: {fileID: 410284}
  m_RootOrder: 0
--- !u!4 &461456
Transform:
  m_ObjectHideFlags: 1
  m_PrefabParentObject: {fileID: 0}
  m_PrefabInternal: {fileID: 100100000}
  m_GameObject: {fileID: 103334}
  m_LocalRotation: {x: 0, y: 0, z: 0, w: 1}
  m_LocalPosition: {x: -0.012057359, y: 0, z: -0.0000000035762786}
  m_LocalScale: {x: 1, y: 1, z: 0.99999994}
  m_Children: []
  m_Father: {fileID: 422884}
  m_RootOrder: 0
--- !u!4 &462892
Transform:
  m_ObjectHideFlags: 1
  m_PrefabParentObject: {fileID: 0}
  m_PrefabInternal: {fileID: 100100000}
  m_GameObject: {fileID: 140008}
  m_LocalRotation: {x: 0.68820953, y: -0.2392108, z: -0.115648545, w: 0.6751083}
  m_LocalPosition: {x: -0.022629628, y: 0.0032884597, z: -0.009792256}
  m_LocalScale: {x: 0.99999994, y: 1, z: 0.9999999}
  m_Children:
  - {fileID: 443948}
  m_Father: {fileID: 460984}
  m_RootOrder: 2
--- !u!4 &465158
Transform:
  m_ObjectHideFlags: 1
  m_PrefabParentObject: {fileID: 0}
  m_PrefabInternal: {fileID: 100100000}
  m_GameObject: {fileID: 109120}
  m_LocalRotation: {x: 0.00000597962, y: -0.000009769353, z: -0.15651979, w: 0.98767483}
  m_LocalPosition: {x: -0.042655595, y: 0.00000016450882, z: 0.00000037908552}
  m_LocalScale: {x: 0.9999999, y: 0.9999999, z: 0.99999994}
  m_Children:
  - {fileID: 487900}
  m_Father: {fileID: 411436}
  m_RootOrder: 0
--- !u!4 &467084
Transform:
  m_ObjectHideFlags: 1
  m_PrefabParentObject: {fileID: 0}
  m_PrefabInternal: {fileID: 100100000}
  m_GameObject: {fileID: 125512}
  m_LocalRotation: {x: -0.027913097, y: -0.027735243, z: -0.3725322, w: 0.9271847}
  m_LocalPosition: {x: -0.046396654, y: -0.0000000023841857, z: 0.000000009536743}
  m_LocalScale: {x: 0.99999994, y: 1, z: 0.9999999}
  m_Children: []
  m_Father: {fileID: 421102}
  m_RootOrder: 0
--- !u!4 &468968
Transform:
  m_ObjectHideFlags: 1
  m_PrefabParentObject: {fileID: 0}
  m_PrefabInternal: {fileID: 100100000}
  m_GameObject: {fileID: 106300}
  m_LocalRotation: {x: -0.08855741, y: -0.04564581, z: 0.8785829, w: 0.4670826}
  m_LocalPosition: {x: -0.04316673, y: -0.000000016130507, z: 0.000000028610229}
  m_LocalScale: {x: 0.99999994, y: 0.9999999, z: 0.99999994}
  m_Children:
  - {fileID: 408194}
  m_Father: {fileID: 439282}
  m_RootOrder: 1
--- !u!4 &469852
Transform:
  m_ObjectHideFlags: 1
  m_PrefabParentObject: {fileID: 0}
  m_PrefabInternal: {fileID: 100100000}
  m_GameObject: {fileID: 183518}
  m_LocalRotation: {x: -0.00016753768, y: -0.00028059568, z: -0.516377, w: 0.8563613}
  m_LocalPosition: {x: -0.037630588, y: -0.000001795382, z: 0.00000009185286}
  m_LocalScale: {x: 0.99999994, y: 1.0000001, z: 1.0000001}
  m_Children:
  - {fileID: 447680}
  m_Father: {fileID: 442996}
  m_RootOrder: 0
--- !u!4 &470032
Transform:
  m_ObjectHideFlags: 1
  m_PrefabParentObject: {fileID: 0}
  m_PrefabInternal: {fileID: 100100000}
  m_GameObject: {fileID: 158550}
  m_LocalRotation: {x: -0.00021507949, y: -0.07297418, z: -0.0008840723, w: 0.99733347}
  m_LocalPosition: {x: -0.01070221, y: 0.00000020980835, z: -0.00000013828277}
  m_LocalScale: {x: 0.9999999, y: 0.9999999, z: 0.9999998}
  m_Children: []
  m_Father: {fileID: 433638}
  m_RootOrder: 0
--- !u!4 &472290
Transform:
  m_ObjectHideFlags: 1
  m_PrefabParentObject: {fileID: 0}
  m_PrefabInternal: {fileID: 100100000}
  m_GameObject: {fileID: 143310}
  m_LocalRotation: {x: -0.0033736872, y: -0.31643796, z: 0.0042194296, w: 0.94859785}
  m_LocalPosition: {x: -0.009951448, y: -0.00000023841858, z: -0.000000009536743}
  m_LocalScale: {x: 1, y: 1, z: 0.9999999}
  m_Children:
  - {fileID: 485120}
  m_Father: {fileID: 452082}
  m_RootOrder: 0
--- !u!4 &472498
Transform:
  m_ObjectHideFlags: 1
  m_PrefabParentObject: {fileID: 0}
  m_PrefabInternal: {fileID: 100100000}
  m_GameObject: {fileID: 150182}
  m_LocalRotation: {x: -0.02763994, y: -0.35430256, z: 0.21824928, w: 0.9088856}
  m_LocalPosition: {x: -0.060583208, y: -0.020436179, z: 0.002511084}
  m_LocalScale: {x: 0.99999994, y: 1, z: 1}
  m_Children:
  - {fileID: 476246}
  m_Father: {fileID: 439672}
  m_RootOrder: 3
--- !u!4 &475466
Transform:
  m_ObjectHideFlags: 1
  m_PrefabParentObject: {fileID: 0}
  m_PrefabInternal: {fileID: 100100000}
  m_GameObject: {fileID: 171872}
  m_LocalRotation: {x: -0.7071068, y: 0, z: -0, w: 0.7071068}
  m_LocalPosition: {x: 0, y: 0, z: 0}
  m_LocalScale: {x: 0.40635127, y: 0.40635127, z: 0.40635127}
  m_Children: []
  m_Father: {fileID: 486274}
  m_RootOrder: 3
--- !u!4 &475474
Transform:
  m_ObjectHideFlags: 1
  m_PrefabParentObject: {fileID: 0}
  m_PrefabInternal: {fileID: 100100000}
  m_GameObject: {fileID: 171292}
  m_LocalRotation: {x: -0.08736121, y: 0.04792877, z: 0.87831664, w: -0.46757975}
  m_LocalPosition: {x: -0.043166712, y: -0.0000000059977174, z: 0.000000114440915}
  m_LocalScale: {x: 0.99999994, y: 0.9999999, z: 0.99999994}
  m_Children:
  - {fileID: 451468}
  m_Father: {fileID: 439282}
  m_RootOrder: 3
--- !u!4 &476246
Transform:
  m_ObjectHideFlags: 1
  m_PrefabParentObject: {fileID: 0}
  m_PrefabInternal: {fileID: 100100000}
  m_GameObject: {fileID: 120458}
  m_LocalRotation: {x: 0.073549956, y: 0.18095969, z: -0.08221669, w: 0.9772842}
  m_LocalPosition: {x: -0.0223003, y: -0.000000009536743, z: 0}
  m_LocalScale: {x: 0.99999994, y: 1.0000001, z: 1}
  m_Children:
  - {fileID: 420394}
  m_Father: {fileID: 472498}
  m_RootOrder: 0
--- !u!4 &477088
Transform:
  m_ObjectHideFlags: 1
  m_PrefabParentObject: {fileID: 0}
  m_PrefabInternal: {fileID: 100100000}
  m_GameObject: {fileID: 196962}
  m_LocalRotation: {x: 0.029435419, y: 0.68840134, z: 0.70830816, w: -0.15341726}
  m_LocalPosition: {x: -0.034715194, y: -0.00045198677, z: -0.03796261}
  m_LocalScale: {x: 1, y: 1, z: 1}
  m_Children:
  - {fileID: 440548}
  m_Father: {fileID: 439672}
  m_RootOrder: 0
--- !u!4 &479530
Transform:
  m_ObjectHideFlags: 1
  m_PrefabParentObject: {fileID: 0}
  m_PrefabInternal: {fileID: 100100000}
  m_GameObject: {fileID: 112696}
  m_LocalRotation: {x: 0.7600166, y: 0.2813804, z: -0.15003118, w: 0.5662954}
  m_LocalPosition: {x: -0.0332933, y: -0.01747436, z: 0.01599095}
  m_LocalScale: {x: 1.0000001, y: 0.9999999, z: 1}
  m_Children:
  - {fileID: 432716}
  m_Father: {fileID: 439672}
  m_RootOrder: 5
--- !u!4 &481092
Transform:
  m_ObjectHideFlags: 1
  m_PrefabParentObject: {fileID: 0}
  m_PrefabInternal: {fileID: 100100000}
  m_GameObject: {fileID: 174208}
  m_LocalRotation: {x: 0.0030242696, y: -0.28940055, z: -0.0027099724, w: 0.95719945}
  m_LocalPosition: {x: -0.009951468, y: 0.00000009775162, z: -0.000000104904174}
  m_LocalScale: {x: 1.0000002, y: 1.0000001, z: 1}
  m_Children:
  - {fileID: 428066}
  m_Father: {fileID: 434558}
  m_RootOrder: 0
--- !u!4 &481500
Transform:
  m_ObjectHideFlags: 1
  m_PrefabParentObject: {fileID: 0}
  m_PrefabInternal: {fileID: 100100000}
  m_GameObject: {fileID: 159946}
  m_LocalRotation: {x: -1.2246469e-16, y: -2.919786e-23, z: 0.0000002384186, w: 1}
  m_LocalPosition: {x: -0.012057349, y: 0.000000019073486, z: 0.000000034570693}
  m_LocalScale: {x: 0.99999994, y: 0.9999999, z: 1}
  m_Children: []
  m_Father: {fileID: 421078}
  m_RootOrder: 0
--- !u!4 &483118
Transform:
  m_ObjectHideFlags: 1
  m_PrefabParentObject: {fileID: 0}
  m_PrefabInternal: {fileID: 100100000}
  m_GameObject: {fileID: 196784}
  m_LocalRotation: {x: 3.4139356e-15, y: -0, z: -0, w: 1}
  m_LocalPosition: {x: -0.066598244, y: -0.0000000071153043, z: 0}
  m_LocalScale: {x: 1, y: 1, z: 1}
  m_Children: []
  m_Father: {fileID: 439672}
  m_RootOrder: 1
--- !u!4 &483338
Transform:
  m_ObjectHideFlags: 1
  m_PrefabParentObject: {fileID: 0}
  m_PrefabInternal: {fileID: 100100000}
  m_GameObject: {fileID: 161278}
  m_LocalRotation: {x: -0.6481888, y: 0.09090352, z: 0.28443512, w: 0.7004888}
  m_LocalPosition: {x: -0.012747077, y: -0.0025740813, z: 0.00935676}
  m_LocalScale: {x: 0.99999994, y: 1.0000001, z: 1}
  m_Children:
  - {fileID: 429126}
  m_Father: {fileID: 430806}
  m_RootOrder: 4
--- !u!4 &484042
Transform:
  m_ObjectHideFlags: 1
  m_PrefabParentObject: {fileID: 0}
  m_PrefabInternal: {fileID: 100100000}
  m_GameObject: {fileID: 188374}
  m_LocalRotation: {x: 1.7339352e-17, y: 0.09492529, z: 8.843197e-18, w: 0.9954844}
  m_LocalPosition: {x: -0.030923996, y: 0, z: -0.0000000047683715}
  m_LocalScale: {x: 0.9999999, y: 0.9999999, z: 1}
  m_Children: []
  m_Father: {fileID: 440548}
  m_RootOrder: 0
--- !u!4 &484740
Transform:
  m_ObjectHideFlags: 1
  m_PrefabParentObject: {fileID: 0}
  m_PrefabInternal: {fileID: 100100000}
  m_GameObject: {fileID: 169410}
  m_LocalRotation: {x: 0.00000033219726, y: 0.0000003137656, z: 0.0000002594409, w: 1}
  m_LocalPosition: {x: -0.009597869, y: 0.000000076293944, z: -0.0000000667572}
  m_LocalScale: {x: 0.99999994, y: 1, z: 1}
  m_Children: []
  m_Father: {fileID: 497116}
  m_RootOrder: 0
--- !u!4 &485120
Transform:
  m_ObjectHideFlags: 1
  m_PrefabParentObject: {fileID: 0}
  m_PrefabInternal: {fileID: 100100000}
  m_GameObject: {fileID: 180158}
  m_LocalRotation: {x: -0.0000008303288, y: -0.11686687, z: -0.00000018045168, w: 0.9931476}
  m_LocalPosition: {x: -0.010343838, y: -0.000000076293944, z: 0.00000010728836}
  m_LocalScale: {x: 1, y: 1.0000001, z: 0.9999999}
  m_Children: []
  m_Father: {fileID: 472290}
  m_RootOrder: 0
--- !u!4 &486274
Transform:
  m_ObjectHideFlags: 1
  m_PrefabParentObject: {fileID: 0}
  m_PrefabInternal: {fileID: 100100000}
  m_GameObject: {fileID: 101496}
  m_LocalRotation: {x: 0, y: 0, z: 0, w: 1}
  m_LocalPosition: {x: 0, y: 0, z: 0}
  m_LocalScale: {x: 1, y: 1, z: 1}
  m_Children:
  - {fileID: 422362}
  - {fileID: 423096}
  - {fileID: 432880}
  - {fileID: 475466}
  - {fileID: 406428}
  m_Father: {fileID: 0}
  m_RootOrder: 0
--- !u!4 &486812
Transform:
  m_ObjectHideFlags: 1
  m_PrefabParentObject: {fileID: 0}
  m_PrefabInternal: {fileID: 100100000}
  m_GameObject: {fileID: 180398}
  m_LocalRotation: {x: -0.0014342148, y: -0.003653459, z: 0.0062957704, w: 0.9999725}
  m_LocalPosition: {x: -0.04319593, y: -0.00000010559219, z: 0.00000052584176}
  m_LocalScale: {x: 0.9999998, y: 0.99999994, z: 0.99999994}
  m_Children:
  - {fileID: 439672}
  m_Father: {fileID: 439282}
  m_RootOrder: 2
--- !u!4 &487900
Transform:
  m_ObjectHideFlags: 1
  m_PrefabParentObject: {fileID: 0}
  m_PrefabInternal: {fileID: 100100000}
  m_GameObject: {fileID: 115570}
  m_LocalRotation: {x: 0, y: 0, z: 0, w: 1}
  m_LocalPosition: {x: -0.02501235, y: 0, z: 0.0000000023841857}
  m_LocalScale: {x: 1.0000001, y: 1, z: 1.0000001}
  m_Children: []
  m_Father: {fileID: 465158}
  m_RootOrder: 0
--- !u!4 &490540
Transform:
  m_ObjectHideFlags: 1
  m_PrefabParentObject: {fileID: 0}
  m_PrefabInternal: {fileID: 100100000}
  m_GameObject: {fileID: 183818}
  m_LocalRotation: {x: -0.63908374, y: 0.3022859, z: 0.30162168, w: 0.63970274}
  m_LocalPosition: {x: -0.021385536, y: -0.0005071305, z: 0.061581157}
  m_LocalScale: {x: 1.0000001, y: 0.99999994, z: 1}
  m_Children: []
  m_Father: {fileID: 439672}
  m_RootOrder: 6
--- !u!4 &491034
Transform:
  m_ObjectHideFlags: 1
  m_PrefabParentObject: {fileID: 0}
  m_PrefabInternal: {fileID: 100100000}
  m_GameObject: {fileID: 175516}
  m_LocalRotation: {x: 0.011085035, y: 0.7469396, z: 0.66479653, w: 0.001975333}
  m_LocalPosition: {x: -0.02727168, y: 0.03748155, z: 0.010430588}
  m_LocalScale: {x: 1, y: 1, z: 1}
  m_Children:
  - {fileID: 442356}
  m_Father: {fileID: 422362}
  m_RootOrder: 1
--- !u!4 &491270
Transform:
  m_ObjectHideFlags: 1
  m_PrefabParentObject: {fileID: 0}
  m_PrefabInternal: {fileID: 100100000}
  m_GameObject: {fileID: 146534}
  m_LocalRotation: {x: 0.69682014, y: -0.1923257, z: -0.136563, w: 0.67735004}
  m_LocalPosition: {x: -0.021094622, y: 0.0033481217, z: 0.0061671254}
  m_LocalScale: {x: 1, y: 1, z: 0.99999994}
  m_Children:
  - {fileID: 431628}
  m_Father: {fileID: 460984}
  m_RootOrder: 1
--- !u!4 &492518
Transform:
  m_ObjectHideFlags: 1
  m_PrefabParentObject: {fileID: 0}
  m_PrefabInternal: {fileID: 100100000}
  m_GameObject: {fileID: 184940}
  m_LocalRotation: {x: 0.013887559, y: 0.3821712, z: -0.007409164, w: 0.92395747}
  m_LocalPosition: {x: -0.04135042, y: 0.000000095367426, z: -0.0000006055832}
  m_LocalScale: {x: 0.99999994, y: 1, z: 1.0000001}
  m_Children:
  - {fileID: 430806}
  m_Father: {fileID: 408194}
  m_RootOrder: 0
--- !u!4 &496896
Transform:
  m_ObjectHideFlags: 1
  m_PrefabParentObject: {fileID: 0}
  m_PrefabInternal: {fileID: 100100000}
  m_GameObject: {fileID: 188426}
  m_LocalRotation: {x: -0.41011688, y: 0.57573247, z: 0.57902044, w: 0.40629005}
  m_LocalPosition: {x: -0.002360859, y: -0.0005155349, z: 0.023521435}
  m_LocalScale: {x: 1, y: 1, z: 1.0000001}
  m_Children:
  - {fileID: 455480}
  m_Father: {fileID: 439672}
  m_RootOrder: 2
--- !u!4 &497116
Transform:
  m_ObjectHideFlags: 1
  m_PrefabParentObject: {fileID: 0}
  m_PrefabInternal: {fileID: 100100000}
  m_GameObject: {fileID: 160076}
  m_LocalRotation: {x: -0.0000018592604, y: -0.0000008800055, z: 0.18317492, w: 0.9830803}
  m_LocalPosition: {x: -0.011136293, y: 0.00000020980835, z: -0.00000034332274}
  m_LocalScale: {x: 1.0000001, y: 1, z: 1}
  m_Children:
  - {fileID: 484740}
  m_Father: {fileID: 426280}
  m_RootOrder: 0
--- !u!4 &498308
Transform:
  m_ObjectHideFlags: 1
  m_PrefabParentObject: {fileID: 0}
  m_PrefabInternal: {fileID: 100100000}
  m_GameObject: {fileID: 159722}
  m_LocalRotation: {x: -0.6829657, y: -0.25722632, z: 0.13649815, w: 0.66989607}
  m_LocalPosition: {x: -0.022629775, y: -0.00328825, z: -0.0097921705}
  m_LocalScale: {x: 1.0000008, y: 1, z: 0.99999994}
  m_Children:
  - {fileID: 433450}
  m_Father: {fileID: 430806}
  m_RootOrder: 2
--- !u!111 &11193618
Animation:
  m_ObjectHideFlags: 1
  m_PrefabParentObject: {fileID: 0}
  m_PrefabInternal: {fileID: 100100000}
  m_GameObject: {fileID: 101496}
  m_Enabled: 1
  serializedVersion: 3
  m_Animation: {fileID: 7400000, guid: 3082703ef8fa34becbf11e6c398ea152, type: 3}
  m_Animations:
  - {fileID: 7400000, guid: 3082703ef8fa34becbf11e6c398ea152, type: 3}
  - {fileID: 7400002, guid: 3082703ef8fa34becbf11e6c398ea152, type: 3}
  - {fileID: 7400004, guid: 3082703ef8fa34becbf11e6c398ea152, type: 3}
  m_WrapMode: 0
  m_PlayAutomatically: 1
  m_AnimatePhysics: 0
  m_CullingType: 1
--- !u!137 &13706300
SkinnedMeshRenderer:
  m_ObjectHideFlags: 1
  m_PrefabParentObject: {fileID: 0}
  m_PrefabInternal: {fileID: 100100000}
  m_GameObject: {fileID: 171872}
  m_Enabled: 1
  m_CastShadows: 1
  m_ReceiveShadows: 1
  m_Materials:
  - {fileID: 2100000, guid: 899ada66a06c74dda84ea00a5778ce74, type: 2}
  m_SubsetIndices: 
  m_StaticBatchRoot: {fileID: 0}
  m_UseLightProbes: 1
  m_ReflectionProbeUsage: 1
  m_ProbeAnchor: {fileID: 0}
  m_ScaleInLightmap: 1
  m_PreserveUVs: 0
  m_IgnoreNormalsForChartDetection: 0
  m_ImportantGI: 0
  m_MinimumChartSize: 4
  m_AutoUVMaxDistance: 0.5
  m_AutoUVMaxAngle: 89
  m_LightmapParameters: {fileID: 0}
  m_SortingLayerID: 0
  m_SortingOrder: 0
  serializedVersion: 2
  m_Quality: 0
  m_UpdateWhenOffscreen: 0
  m_Mesh: {fileID: 4300002, guid: 3082703ef8fa34becbf11e6c398ea152, type: 3}
  m_Bones:
  - {fileID: 421078}
  - {fileID: 479530}
  - {fileID: 481500}
  - {fileID: 432716}
  - {fileID: 439672}
  - {fileID: 422884}
  - {fileID: 461456}
  - {fileID: 400368}
  - {fileID: 402942}
  m_BlendShapeWeights: []
  m_RootBone: {fileID: 439672}
  m_AABB:
    m_Center: {x: -0.031220734, y: -0.00054062903, z: 0.025494937}
    m_Extent: {x: 0.002599232, y: 0.032441646, z: 0.00681537}
  m_DirtyAABB: 0
--- !u!137 &13725266
SkinnedMeshRenderer:
  m_ObjectHideFlags: 1
  m_PrefabParentObject: {fileID: 0}
  m_PrefabInternal: {fileID: 100100000}
  m_GameObject: {fileID: 182270}
  m_Enabled: 1
  m_CastShadows: 1
  m_ReceiveShadows: 1
  m_Materials:
  - {fileID: 2100000, guid: 899ada66a06c74dda84ea00a5778ce74, type: 2}
  m_SubsetIndices: 
  m_StaticBatchRoot: {fileID: 0}
  m_UseLightProbes: 1
  m_ReflectionProbeUsage: 1
  m_ProbeAnchor: {fileID: 0}
  m_ScaleInLightmap: 1
  m_PreserveUVs: 0
  m_IgnoreNormalsForChartDetection: 0
  m_ImportantGI: 0
  m_MinimumChartSize: 4
  m_AutoUVMaxDistance: 0.5
  m_AutoUVMaxAngle: 89
  m_LightmapParameters: {fileID: 0}
  m_SortingLayerID: 0
  m_SortingOrder: 0
  serializedVersion: 2
  m_Quality: 0
  m_UpdateWhenOffscreen: 0
  m_Mesh: {fileID: 4300006, guid: 3082703ef8fa34becbf11e6c398ea152, type: 3}
  m_Bones:
  - {fileID: 414040}
  - {fileID: 439282}
  - {fileID: 468968}
  - {fileID: 408194}
  - {fileID: 422362}
  - {fileID: 442808}
  - {fileID: 442996}
  - {fileID: 475474}
  - {fileID: 451468}
  - {fileID: 491034}
  - {fileID: 439672}
  - {fileID: 477088}
  - {fileID: 490540}
  - {fileID: 440548}
  - {fileID: 469852}
  - {fileID: 447680}
  - {fileID: 412040}
  - {fileID: 424022}
  - {fileID: 436106}
  - {fileID: 496896}
  - {fileID: 407282}
  - {fileID: 421102}
  - {fileID: 492518}
  - {fileID: 430806}
  - {fileID: 455114}
  - {fileID: 498308}
  - {fileID: 452082}
  - {fileID: 483338}
  - {fileID: 433638}
  - {fileID: 472290}
  - {fileID: 429126}
  - {fileID: 433450}
  - {fileID: 472498}
  - {fileID: 476246}
  - {fileID: 442356}
  - {fileID: 411436}
  - {fileID: 465158}
  - {fileID: 410284}
  - {fileID: 460984}
  - {fileID: 491270}
  - {fileID: 462892}
  - {fileID: 434558}
  - {fileID: 426280}
  - {fileID: 431628}
  - {fileID: 481092}
  - {fileID: 497116}
  - {fileID: 443948}
  - {fileID: 415366}
  - {fileID: 454672}
  m_BlendShapeWeights: []
  m_RootBone: {fileID: 422362}
  m_AABB:
    m_Center: {x: -0.06344103, y: 0.0016313046, z: -0.03838823}
    m_Extent: {x: 0.20298433, y: 0.15224506, z: 0.19186059}
  m_DirtyAABB: 0
--- !u!137 &13754024
SkinnedMeshRenderer:
  m_ObjectHideFlags: 1
  m_PrefabParentObject: {fileID: 0}
  m_PrefabInternal: {fileID: 100100000}
  m_GameObject: {fileID: 145338}
  m_Enabled: 1
  m_CastShadows: 1
  m_ReceiveShadows: 1
  m_Materials:
  - {fileID: 2100000, guid: 899ada66a06c74dda84ea00a5778ce74, type: 2}
  m_SubsetIndices: 
  m_StaticBatchRoot: {fileID: 0}
  m_UseLightProbes: 1
  m_ReflectionProbeUsage: 1
  m_ProbeAnchor: {fileID: 0}
  m_ScaleInLightmap: 1
  m_PreserveUVs: 0
  m_IgnoreNormalsForChartDetection: 0
  m_ImportantGI: 0
  m_MinimumChartSize: 4
  m_AutoUVMaxDistance: 0.5
  m_AutoUVMaxAngle: 89
  m_LightmapParameters: {fileID: 0}
  m_SortingLayerID: 0
  m_SortingOrder: 0
  serializedVersion: 2
  m_Quality: 0
  m_UpdateWhenOffscreen: 0
  m_Mesh: {fileID: 4300004, guid: 3082703ef8fa34becbf11e6c398ea152, type: 3}
  m_Bones:
  - {fileID: 421078}
  - {fileID: 481500}
  - {fileID: 479530}
  - {fileID: 432716}
  - {fileID: 439672}
  - {fileID: 422884}
  - {fileID: 461456}
  - {fileID: 400368}
  - {fileID: 402942}
  m_BlendShapeWeights: []
  m_RootBone: {fileID: 439672}
  m_AABB:
    m_Center: {x: -0.039213523, y: -0.000026501715, z: 0.021965642}
    m_Extent: {x: 0.008917436, y: 0.03242343, z: 0.010356137}
  m_DirtyAABB: 0
--- !u!137 &13793778
SkinnedMeshRenderer:
  m_ObjectHideFlags: 1
  m_PrefabParentObject: {fileID: 0}
  m_PrefabInternal: {fileID: 100100000}
  m_GameObject: {fileID: 145160}
  m_Enabled: 1
  m_CastShadows: 1
  m_ReceiveShadows: 1
  m_Materials:
  - {fileID: 2100000, guid: 899ada66a06c74dda84ea00a5778ce74, type: 2}
  m_SubsetIndices: 
  m_StaticBatchRoot: {fileID: 0}
  m_UseLightProbes: 1
  m_ReflectionProbeUsage: 1
  m_ProbeAnchor: {fileID: 0}
  m_ScaleInLightmap: 1
  m_PreserveUVs: 0
  m_IgnoreNormalsForChartDetection: 0
  m_ImportantGI: 0
  m_MinimumChartSize: 4
  m_AutoUVMaxDistance: 0.5
  m_AutoUVMaxAngle: 89
  m_LightmapParameters: {fileID: 0}
  m_SortingLayerID: 0
  m_SortingOrder: 0
  serializedVersion: 2
  m_Quality: 0
  m_UpdateWhenOffscreen: 0
  m_Mesh: {fileID: 4300000, guid: 3082703ef8fa34becbf11e6c398ea152, type: 3}
  m_Bones:
  - {fileID: 421078}
  - {fileID: 481500}
  - {fileID: 479530}
  - {fileID: 432716}
  - {fileID: 439672}
  - {fileID: 422884}
  - {fileID: 461456}
  - {fileID: 400368}
  - {fileID: 402942}
  m_BlendShapeWeights: []
  m_RootBone: {fileID: 439672}
  m_AABB:
    m_Center: {x: -0.038416408, y: -0.00047778524, z: 0.024069881}
    m_Extent: {x: 0.009172805, y: 0.030823408, z: 0.007328445}
  m_DirtyAABB: 0
--- !u!1001 &100100000
Prefab:
  m_ObjectHideFlags: 1
  serializedVersion: 2
  m_Modification:
    m_TransformParent: {fileID: 0}
    m_Modifications: []
    m_RemovedComponents: []
  m_ParentPrefab: {fileID: 0}
  m_RootGameObject: {fileID: 101496}
  m_IsPrefabParent: 1
