%YAML 1.1
%TAG !u! tag:unity3d.com,2011:
--- !u!1 &169186
GameObject:
  m_ObjectHideFlags: 0
  m_PrefabParentObject: {fileID: 0}
  m_PrefabInternal: {fileID: 100100000}
  serializedVersion: 4
  m_Component:
  - 4: {fileID: 444926}
  - 23: {fileID: 2315168}
  - 102: {fileID: 10271748}
  m_Layer: 0
  m_Name: New Text 1
  m_TagString: Untagged
  m_Icon: {fileID: 0}
  m_NavMeshLayer: 0
  m_StaticEditorFlags: 0
  m_IsActive: 1
--- !u!4 &444926
Transform:
  m_ObjectHideFlags: 1
  m_PrefabParentObject: {fileID: 0}
  m_PrefabInternal: {fileID: 100100000}
  m_GameObject: {fileID: 169186}
  m_LocalRotation: {x: 0.44047222, y: -0.55904305, z: 0.438224, w: 0.5490126}
  m_LocalPosition: {x: -2.03, y: -0.9, z: 0.81}
  m_LocalScale: {x: 0.05, y: 0.05, z: 0.05}
  m_Children: []
  m_Father: {fileID: 0}
  m_RootOrder: 0
--- !u!23 &2315168
MeshRenderer:
  m_ObjectHideFlags: 1
  m_PrefabParentObject: {fileID: 0}
  m_PrefabInternal: {fileID: 100100000}
  m_GameObject: {fileID: 169186}
  m_Enabled: 1
  m_CastShadows: 1
  m_ReceiveShadows: 1
  m_Materials:
  - {fileID: 2100000, guid: 1e90e816450a139488dfc8fe0240dea7, type: 3}
  m_SubsetIndices: 
  m_StaticBatchRoot: {fileID: 0}
  m_UseLightProbes: 1
  m_ReflectionProbeUsage: 1
  m_ProbeAnchor: {fileID: 0}
  m_ScaleInLightmap: 1
  m_PreserveUVs: 0
  m_IgnoreNormalsForChartDetection: 0
  m_ImportantGI: 0
  m_MinimumChartSize: 4
  m_AutoUVMaxDistance: 0.5
  m_AutoUVMaxAngle: 89
  m_LightmapParameters: {fileID: 0}
  m_SortingLayerID: 0
  m_SortingOrder: 0
--- !u!102 &10271748
TextMesh:
  serializedVersion: 3
  m_ObjectHideFlags: 1
  m_PrefabParentObject: {fileID: 0}
  m_PrefabInternal: {fileID: 100100000}
  m_GameObject: {fileID: 169186}
  m_Text: 'My Score:

    55'
  m_OffsetZ: 0
  m_CharacterSize: 1
  m_LineSpacing: 1
  m_Anchor: 1
  m_Alignment: 1
  m_TabSize: 4
  m_FontSize: 0
  m_FontStyle: 0
  m_RichText: 1
  m_Font: {fileID: 12800000, guid: 1e90e816450a139488dfc8fe0240dea7, type: 3}
  m_Color:
    serializedVersion: 2
    rgba: 4294967295
--- !u!1001 &100100000
Prefab:
  m_ObjectHideFlags: 1
  serializedVersion: 2
  m_Modification:
    m_TransformParent: {fileID: 0}
    m_Modifications: []
    m_RemovedComponents: []
  m_ParentPrefab: {fileID: 0}
  m_RootGameObject: {fileID: 169186}
  m_IsPrefabParent: 1
