%YAML 1.1
%TAG !u! tag:unity3d.com,2011:
--- !u!1 &102946
GameObject:
  m_ObjectHideFlags: 1
  m_PrefabParentObject: {fileID: 0}
  m_PrefabInternal: {fileID: 100100000}
  serializedVersion: 4
  m_Component:
  - 4: {fileID: 454298}
  m_Layer: 0
  m_Name: LeftArm
  m_TagString: Untagged
  m_Icon: {fileID: 0}
  m_NavMeshLayer: 0
  m_StaticEditorFlags: 0
  m_IsActive: 1
--- !u!1 &103770
GameObject:
  m_ObjectHideFlags: 0
  m_PrefabParentObject: {fileID: 0}
  m_PrefabInternal: {fileID: 100100000}
  serializedVersion: 4
  m_Component:
  - 4: {fileID: 444978}
  m_Layer: 0
  m_Name: Hips
  m_TagString: Untagged
  m_Icon: {fileID: 0}
  m_NavMeshLayer: 0
  m_StaticEditorFlags: 0
  m_IsActive: 1
--- !u!1 &104176
GameObject:
  m_ObjectHideFlags: 1
  m_PrefabParentObject: {fileID: 0}
  m_PrefabInternal: {fileID: 100100000}
  serializedVersion: 4
  m_Component:
  - 4: {fileID: 472640}
  m_Layer: 0
  m_Name: RightHand
  m_TagString: Untagged
  m_Icon: {fileID: 0}
  m_NavMeshLayer: 0
  m_StaticEditorFlags: 0
  m_IsActive: 1
--- !u!1 &104688
GameObject:
  m_ObjectHideFlags: 1
  m_PrefabParentObject: {fileID: 0}
  m_PrefabInternal: {fileID: 100100000}
  serializedVersion: 4
  m_Component:
  - 4: {fileID: 444996}
  m_Layer: 0
  m_Name: RightHandPinky3
  m_TagString: Untagged
  m_Icon: {fileID: 0}
  m_NavMeshLayer: 0
  m_StaticEditorFlags: 0
  m_IsActive: 1
--- !u!1 &107894
GameObject:
  m_ObjectHideFlags: 1
  m_PrefabParentObject: {fileID: 0}
  m_PrefabInternal: {fileID: 100100000}
  serializedVersion: 4
  m_Component:
  - 4: {fileID: 455188}
  m_Layer: 0
  m_Name: LeftLeg
  m_TagString: Untagged
  m_Icon: {fileID: 0}
  m_NavMeshLayer: 0
  m_StaticEditorFlags: 0
  m_IsActive: 1
--- !u!1 &109444
GameObject:
  m_ObjectHideFlags: 1
  m_PrefabParentObject: {fileID: 0}
  m_PrefabInternal: {fileID: 100100000}
  serializedVersion: 4
  m_Component:
  - 4: {fileID: 474970}
  m_Layer: 0
  m_Name: Bone028(mirrored)
  m_TagString: Untagged
  m_Icon: {fileID: 0}
  m_NavMeshLayer: 0
  m_StaticEditorFlags: 0
  m_IsActive: 1
--- !u!1 &109508
GameObject:
  m_ObjectHideFlags: 1
  m_PrefabParentObject: {fileID: 0}
  m_PrefabInternal: {fileID: 100100000}
  serializedVersion: 4
  m_Component:
  - 4: {fileID: 439196}
  m_Layer: 0
  m_Name: RightEar1
  m_TagString: Untagged
  m_Icon: {fileID: 0}
  m_NavMeshLayer: 0
  m_StaticEditorFlags: 0
  m_IsActive: 1
--- !u!1 &110974
GameObject:
  m_ObjectHideFlags: 1
  m_PrefabParentObject: {fileID: 0}
  m_PrefabInternal: {fileID: 100100000}
  serializedVersion: 4
  m_Component:
  - 4: {fileID: 425216}
  m_Layer: 0
  m_Name: LeftHandPinky3
  m_TagString: Untagged
  m_Icon: {fileID: 0}
  m_NavMeshLayer: 0
  m_StaticEditorFlags: 0
  m_IsActive: 1
--- !u!1 &113842
GameObject:
  m_ObjectHideFlags: 1
  m_PrefabParentObject: {fileID: 0}
  m_PrefabInternal: {fileID: 100100000}
  serializedVersion: 4
  m_Component:
  - 4: {fileID: 463678}
  m_Layer: 0
  m_Name: LeftHandThumb1
  m_TagString: Untagged
  m_Icon: {fileID: 0}
  m_NavMeshLayer: 0
  m_StaticEditorFlags: 0
  m_IsActive: 1
--- !u!1 &116770
GameObject:
  m_ObjectHideFlags: 1
  m_PrefabParentObject: {fileID: 0}
  m_PrefabInternal: {fileID: 100100000}
  serializedVersion: 4
  m_Component:
  - 4: {fileID: 409450}
  m_Layer: 0
  m_Name: Nose
  m_TagString: Untagged
  m_Icon: {fileID: 0}
  m_NavMeshLayer: 0
  m_StaticEditorFlags: 0
  m_IsActive: 1
--- !u!1 &119292
GameObject:
  m_ObjectHideFlags: 1
  m_PrefabParentObject: {fileID: 0}
  m_PrefabInternal: {fileID: 100100000}
  serializedVersion: 4
  m_Component:
  - 4: {fileID: 442038}
  m_Layer: 0
  m_Name: RightHandRing1
  m_TagString: Untagged
  m_Icon: {fileID: 0}
  m_NavMeshLayer: 0
  m_StaticEditorFlags: 0
  m_IsActive: 1
--- !u!1 &121292
GameObject:
  m_ObjectHideFlags: 1
  m_PrefabParentObject: {fileID: 0}
  m_PrefabInternal: {fileID: 100100000}
  serializedVersion: 4
  m_Component:
  - 4: {fileID: 465160}
  m_Layer: 0
  m_Name: Spine
  m_TagString: Untagged
  m_Icon: {fileID: 0}
  m_NavMeshLayer: 0
  m_StaticEditorFlags: 0
  m_IsActive: 1
--- !u!1 &122566
GameObject:
  m_ObjectHideFlags: 1
  m_PrefabParentObject: {fileID: 0}
  m_PrefabInternal: {fileID: 100100000}
  serializedVersion: 4
  m_Component:
  - 4: {fileID: 440094}
  m_Layer: 0
  m_Name: LeftHandIndex2
  m_TagString: Untagged
  m_Icon: {fileID: 0}
  m_NavMeshLayer: 0
  m_StaticEditorFlags: 0
  m_IsActive: 1
--- !u!1 &123198
GameObject:
  m_ObjectHideFlags: 1
  m_PrefabParentObject: {fileID: 0}
  m_PrefabInternal: {fileID: 100100000}
  serializedVersion: 4
  m_Component:
  - 4: {fileID: 486250}
  m_Layer: 0
  m_Name: LeftHandIndex1
  m_TagString: Untagged
  m_Icon: {fileID: 0}
  m_NavMeshLayer: 0
  m_StaticEditorFlags: 0
  m_IsActive: 1
--- !u!1 &123976
GameObject:
  m_ObjectHideFlags: 1
  m_PrefabParentObject: {fileID: 0}
  m_PrefabInternal: {fileID: 100100000}
  serializedVersion: 4
  m_Component:
  - 4: {fileID: 402698}
  m_Layer: 0
  m_Name: RightHandIndex3
  m_TagString: Untagged
  m_Icon: {fileID: 0}
  m_NavMeshLayer: 0
  m_StaticEditorFlags: 0
  m_IsActive: 1
--- !u!1 &125276
GameObject:
  m_ObjectHideFlags: 1
  m_PrefabParentObject: {fileID: 0}
  m_PrefabInternal: {fileID: 100100000}
  serializedVersion: 4
  m_Component:
  - 4: {fileID: 405972}
  m_Layer: 0
  m_Name: RightLeg
  m_TagString: Untagged
  m_Icon: {fileID: 0}
  m_NavMeshLayer: 0
  m_StaticEditorFlags: 0
  m_IsActive: 1
--- !u!1 &125568
GameObject:
  m_ObjectHideFlags: 1
  m_PrefabParentObject: {fileID: 0}
  m_PrefabInternal: {fileID: 100100000}
  serializedVersion: 4
  m_Component:
  - 4: {fileID: 435760}
  m_Layer: 0
  m_Name: Neck
  m_TagString: Untagged
  m_Icon: {fileID: 0}
  m_NavMeshLayer: 0
  m_StaticEditorFlags: 0
  m_IsActive: 1
--- !u!1 &128304
GameObject:
  m_ObjectHideFlags: 0
  m_PrefabParentObject: {fileID: 0}
  m_PrefabInternal: {fileID: 100100000}
  serializedVersion: 4
  m_Component:
  - 4: {fileID: 495116}
  - 137: {fileID: 13767792}
  m_Layer: 0
  m_Name: Bear2
  m_TagString: Untagged
  m_Icon: {fileID: 0}
  m_NavMeshLayer: 0
  m_StaticEditorFlags: 0
  m_IsActive: 1
--- !u!1 &129928
GameObject:
  m_ObjectHideFlags: 1
  m_PrefabParentObject: {fileID: 0}
  m_PrefabInternal: {fileID: 100100000}
  serializedVersion: 4
  m_Component:
  - 4: {fileID: 417014}
  m_Layer: 0
  m_Name: LeftToeBase
  m_TagString: Untagged
  m_Icon: {fileID: 0}
  m_NavMeshLayer: 0
  m_StaticEditorFlags: 0
  m_IsActive: 1
--- !u!1 &130474
GameObject:
  m_ObjectHideFlags: 1
  m_PrefabParentObject: {fileID: 0}
  m_PrefabInternal: {fileID: 100100000}
  serializedVersion: 4
  m_Component:
  - 4: {fileID: 464956}
  m_Layer: 0
  m_Name: LeftHandRing2
  m_TagString: Untagged
  m_Icon: {fileID: 0}
  m_NavMeshLayer: 0
  m_StaticEditorFlags: 0
  m_IsActive: 1
--- !u!1 &135682
GameObject:
  m_ObjectHideFlags: 1
  m_PrefabParentObject: {fileID: 0}
  m_PrefabInternal: {fileID: 100100000}
  serializedVersion: 4
  m_Component:
  - 4: {fileID: 483960}
  m_Layer: 0
  m_Name: RightHandThumb2
  m_TagString: Untagged
  m_Icon: {fileID: 0}
  m_NavMeshLayer: 0
  m_StaticEditorFlags: 0
  m_IsActive: 1
--- !u!1 &136092
GameObject:
  m_ObjectHideFlags: 1
  m_PrefabParentObject: {fileID: 0}
  m_PrefabInternal: {fileID: 100100000}
  serializedVersion: 4
  m_Component:
  - 4: {fileID: 468652}
  m_Layer: 0
  m_Name: LeftHand
  m_TagString: Untagged
  m_Icon: {fileID: 0}
  m_NavMeshLayer: 0
  m_StaticEditorFlags: 0
  m_IsActive: 1
--- !u!1 &136994
GameObject:
  m_ObjectHideFlags: 1
  m_PrefabParentObject: {fileID: 0}
  m_PrefabInternal: {fileID: 100100000}
  serializedVersion: 4
  m_Component:
  - 4: {fileID: 448750}
  m_Layer: 0
  m_Name: Spine1
  m_TagString: Untagged
  m_Icon: {fileID: 0}
  m_NavMeshLayer: 0
  m_StaticEditorFlags: 0
  m_IsActive: 1
--- !u!1 &137214
GameObject:
  m_ObjectHideFlags: 1
  m_PrefabParentObject: {fileID: 0}
  m_PrefabInternal: {fileID: 100100000}
  serializedVersion: 4
  m_Component:
  - 4: {fileID: 477960}
  m_Layer: 0
  m_Name: RightUpperEyelid
  m_TagString: Untagged
  m_Icon: {fileID: 0}
  m_NavMeshLayer: 0
  m_StaticEditorFlags: 0
  m_IsActive: 1
--- !u!1 &137590
GameObject:
  m_ObjectHideFlags: 0
  m_PrefabParentObject: {fileID: 0}
  m_PrefabInternal: {fileID: 100100000}
  serializedVersion: 4
  m_Component:
  - 4: {fileID: 480766}
  - 137: {fileID: 13758988}
  m_Layer: 0
  m_Name: Bear3
  m_TagString: Untagged
  m_Icon: {fileID: 0}
  m_NavMeshLayer: 0
  m_StaticEditorFlags: 0
  m_IsActive: 0
--- !u!1 &138048
GameObject:
  m_ObjectHideFlags: 1
  m_PrefabParentObject: {fileID: 0}
  m_PrefabInternal: {fileID: 100100000}
  serializedVersion: 4
  m_Component:
  - 4: {fileID: 494656}
  m_Layer: 0
  m_Name: RightHandRing3
  m_TagString: Untagged
  m_Icon: {fileID: 0}
  m_NavMeshLayer: 0
  m_StaticEditorFlags: 0
  m_IsActive: 1
--- !u!1 &139344
GameObject:
  m_ObjectHideFlags: 1
  m_PrefabParentObject: {fileID: 0}
  m_PrefabInternal: {fileID: 100100000}
  serializedVersion: 4
  m_Component:
  - 4: {fileID: 432084}
  m_Layer: 0
  m_Name: RightArm
  m_TagString: Untagged
  m_Icon: {fileID: 0}
  m_NavMeshLayer: 0
  m_StaticEditorFlags: 0
  m_IsActive: 1
--- !u!1 &141298
GameObject:
  m_ObjectHideFlags: 1
  m_PrefabParentObject: {fileID: 0}
  m_PrefabInternal: {fileID: 100100000}
  serializedVersion: 4
  m_Component:
  - 4: {fileID: 486938}
  m_Layer: 0
  m_Name: RightShoulder
  m_TagString: Untagged
  m_Icon: {fileID: 0}
  m_NavMeshLayer: 0
  m_StaticEditorFlags: 0
  m_IsActive: 1
--- !u!1 &143102
GameObject:
  m_ObjectHideFlags: 1
  m_PrefabParentObject: {fileID: 0}
  m_PrefabInternal: {fileID: 100100000}
  serializedVersion: 4
  m_Component:
  - 4: {fileID: 404516}
  m_Layer: 0
  m_Name: RightToeBase
  m_TagString: Untagged
  m_Icon: {fileID: 0}
  m_NavMeshLayer: 0
  m_StaticEditorFlags: 0
  m_IsActive: 1
--- !u!1 &144246
GameObject:
  m_ObjectHideFlags: 1
  m_PrefabParentObject: {fileID: 0}
  m_PrefabInternal: {fileID: 100100000}
  serializedVersion: 4
  m_Component:
  - 4: {fileID: 466158}
  m_Layer: 0
  m_Name: Backpack2
  m_TagString: Untagged
  m_Icon: {fileID: 0}
  m_NavMeshLayer: 0
  m_StaticEditorFlags: 0
  m_IsActive: 1
--- !u!1 &144550
GameObject:
  m_ObjectHideFlags: 1
  m_PrefabParentObject: {fileID: 0}
  m_PrefabInternal: {fileID: 100100000}
  serializedVersion: 4
  m_Component:
  - 4: {fileID: 499016}
  m_Layer: 0
  m_Name: Bone006
  m_TagString: Untagged
  m_Icon: {fileID: 0}
  m_NavMeshLayer: 0
  m_StaticEditorFlags: 0
  m_IsActive: 1
--- !u!1 &144596
GameObject:
  m_ObjectHideFlags: 1
  m_PrefabParentObject: {fileID: 0}
  m_PrefabInternal: {fileID: 100100000}
  serializedVersion: 4
  m_Component:
  - 4: {fileID: 460512}
  m_Layer: 0
  m_Name: RightLowerEyelid
  m_TagString: Untagged
  m_Icon: {fileID: 0}
  m_NavMeshLayer: 0
  m_StaticEditorFlags: 0
  m_IsActive: 1
--- !u!1 &145266
GameObject:
  m_ObjectHideFlags: 1
  m_PrefabParentObject: {fileID: 0}
  m_PrefabInternal: {fileID: 100100000}
  serializedVersion: 4
  m_Component:
  - 4: {fileID: 415778}
  m_Layer: 0
  m_Name: Jaw
  m_TagString: Untagged
  m_Icon: {fileID: 0}
  m_NavMeshLayer: 0
  m_StaticEditorFlags: 0
  m_IsActive: 1
--- !u!1 &145950
GameObject:
  m_ObjectHideFlags: 0
  m_PrefabParentObject: {fileID: 0}
  m_PrefabInternal: {fileID: 100100000}
  serializedVersion: 4
  m_Component:
  - 4: {fileID: 482352}
  - 137: {fileID: 13797400}
  m_Layer: 0
  m_Name: Object001
  m_TagString: Untagged
  m_Icon: {fileID: 0}
  m_NavMeshLayer: 0
  m_StaticEditorFlags: 0
  m_IsActive: 1
--- !u!1 &148966
GameObject:
  m_ObjectHideFlags: 0
  m_PrefabParentObject: {fileID: 0}
  m_PrefabInternal: {fileID: 100100000}
  serializedVersion: 4
  m_Component:
  - 4: {fileID: 495192}
  - 111: {fileID: 11172872}
  m_Layer: 0
  m_Name: Panda2
  m_TagString: Untagged
  m_Icon: {fileID: 0}
  m_NavMeshLayer: 0
  m_StaticEditorFlags: 0
  m_IsActive: 1
--- !u!1 &148970
GameObject:
  m_ObjectHideFlags: 1
  m_PrefabParentObject: {fileID: 0}
  m_PrefabInternal: {fileID: 100100000}
  serializedVersion: 4
  m_Component:
  - 4: {fileID: 403736}
  m_Layer: 0
  m_Name: Bone048
  m_TagString: Untagged
  m_Icon: {fileID: 0}
  m_NavMeshLayer: 0
  m_StaticEditorFlags: 0
  m_IsActive: 1
--- !u!1 &149856
GameObject:
  m_ObjectHideFlags: 1
  m_PrefabParentObject: {fileID: 0}
  m_PrefabInternal: {fileID: 100100000}
  serializedVersion: 4
  m_Component:
  - 4: {fileID: 463356}
  m_Layer: 0
  m_Name: Bone028
  m_TagString: Untagged
  m_Icon: {fileID: 0}
  m_NavMeshLayer: 0
  m_StaticEditorFlags: 0
  m_IsActive: 1
--- !u!1 &151680
GameObject:
  m_ObjectHideFlags: 1
  m_PrefabParentObject: {fileID: 0}
  m_PrefabInternal: {fileID: 100100000}
  serializedVersion: 4
  m_Component:
  - 4: {fileID: 480962}
  m_Layer: 0
  m_Name: LeftHandPinky2
  m_TagString: Untagged
  m_Icon: {fileID: 0}
  m_NavMeshLayer: 0
  m_StaticEditorFlags: 0
  m_IsActive: 1
--- !u!1 &153422
GameObject:
  m_ObjectHideFlags: 1
  m_PrefabParentObject: {fileID: 0}
  m_PrefabInternal: {fileID: 100100000}
  serializedVersion: 4
  m_Component:
  - 4: {fileID: 485556}
  m_Layer: 0
  m_Name: LeftHandIndex3
  m_TagString: Untagged
  m_Icon: {fileID: 0}
  m_NavMeshLayer: 0
  m_StaticEditorFlags: 0
  m_IsActive: 1
--- !u!1 &156122
GameObject:
  m_ObjectHideFlags: 1
  m_PrefabParentObject: {fileID: 0}
  m_PrefabInternal: {fileID: 100100000}
  serializedVersion: 4
  m_Component:
  - 4: {fileID: 428828}
  m_Layer: 0
  m_Name: RightHandPinky1
  m_TagString: Untagged
  m_Icon: {fileID: 0}
  m_NavMeshLayer: 0
  m_StaticEditorFlags: 0
  m_IsActive: 1
--- !u!1 &156770
GameObject:
  m_ObjectHideFlags: 0
  m_PrefabParentObject: {fileID: 0}
  m_PrefabInternal: {fileID: 100100000}
  serializedVersion: 4
  m_Component:
  - 4: {fileID: 478924}
  - 137: {fileID: 13729296}
  m_Layer: 0
  m_Name: Object002
  m_TagString: Untagged
  m_Icon: {fileID: 0}
  m_NavMeshLayer: 0
  m_StaticEditorFlags: 0
  m_IsActive: 1
--- !u!1 &157254
GameObject:
  m_ObjectHideFlags: 1
  m_PrefabParentObject: {fileID: 0}
  m_PrefabInternal: {fileID: 100100000}
  serializedVersion: 4
  m_Component:
  - 4: {fileID: 486918}
  m_Layer: 0
  m_Name: LeftShoulder
  m_TagString: Untagged
  m_Icon: {fileID: 0}
  m_NavMeshLayer: 0
  m_StaticEditorFlags: 0
  m_IsActive: 1
--- !u!1 &159380
GameObject:
  m_ObjectHideFlags: 1
  m_PrefabParentObject: {fileID: 0}
  m_PrefabInternal: {fileID: 100100000}
  serializedVersion: 4
  m_Component:
  - 4: {fileID: 485992}
  m_Layer: 0
  m_Name: Head
  m_TagString: Untagged
  m_Icon: {fileID: 0}
  m_NavMeshLayer: 0
  m_StaticEditorFlags: 0
  m_IsActive: 1
--- !u!1 &159426
GameObject:
  m_ObjectHideFlags: 1
  m_PrefabParentObject: {fileID: 0}
  m_PrefabInternal: {fileID: 100100000}
  serializedVersion: 4
  m_Component:
  - 4: {fileID: 456596}
  m_Layer: 0
  m_Name: LeftLowerEyelid
  m_TagString: Untagged
  m_Icon: {fileID: 0}
  m_NavMeshLayer: 0
  m_StaticEditorFlags: 0
  m_IsActive: 1
--- !u!1 &159564
GameObject:
  m_ObjectHideFlags: 1
  m_PrefabParentObject: {fileID: 0}
  m_PrefabInternal: {fileID: 100100000}
  serializedVersion: 4
  m_Component:
  - 4: {fileID: 454538}
  m_Layer: 0
  m_Name: Bone046(mirrored)
  m_TagString: Untagged
  m_Icon: {fileID: 0}
  m_NavMeshLayer: 0
  m_StaticEditorFlags: 0
  m_IsActive: 1
--- !u!1 &160850
GameObject:
  m_ObjectHideFlags: 1
  m_PrefabParentObject: {fileID: 0}
  m_PrefabInternal: {fileID: 100100000}
  serializedVersion: 4
  m_Component:
  - 4: {fileID: 447310}
  m_Layer: 0
  m_Name: LeftHandRing3
  m_TagString: Untagged
  m_Icon: {fileID: 0}
  m_NavMeshLayer: 0
  m_StaticEditorFlags: 0
  m_IsActive: 1
--- !u!1 &162150
GameObject:
  m_ObjectHideFlags: 1
  m_PrefabParentObject: {fileID: 0}
  m_PrefabInternal: {fileID: 100100000}
  serializedVersion: 4
  m_Component:
  - 4: {fileID: 494194}
  m_Layer: 0
  m_Name: LeftFoot
  m_TagString: Untagged
  m_Icon: {fileID: 0}
  m_NavMeshLayer: 0
  m_StaticEditorFlags: 0
  m_IsActive: 1
--- !u!1 &163892
GameObject:
  m_ObjectHideFlags: 1
  m_PrefabParentObject: {fileID: 0}
  m_PrefabInternal: {fileID: 100100000}
  serializedVersion: 4
  m_Component:
  - 4: {fileID: 484188}
  m_Layer: 0
  m_Name: LeftForeArm
  m_TagString: Untagged
  m_Icon: {fileID: 0}
  m_NavMeshLayer: 0
  m_StaticEditorFlags: 0
  m_IsActive: 1
--- !u!1 &164862
GameObject:
  m_ObjectHideFlags: 1
  m_PrefabParentObject: {fileID: 0}
  m_PrefabInternal: {fileID: 100100000}
  serializedVersion: 4
  m_Component:
  - 4: {fileID: 409258}
  m_Layer: 0
  m_Name: Bone043
  m_TagString: Untagged
  m_Icon: {fileID: 0}
  m_NavMeshLayer: 0
  m_StaticEditorFlags: 0
  m_IsActive: 1
--- !u!1 &166812
GameObject:
  m_ObjectHideFlags: 1
  m_PrefabParentObject: {fileID: 0}
  m_PrefabInternal: {fileID: 100100000}
  serializedVersion: 4
  m_Component:
  - 4: {fileID: 438060}
  m_Layer: 0
  m_Name: RightHandIndex1
  m_TagString: Untagged
  m_Icon: {fileID: 0}
  m_NavMeshLayer: 0
  m_StaticEditorFlags: 0
  m_IsActive: 1
--- !u!1 &168124
GameObject:
  m_ObjectHideFlags: 0
  m_PrefabParentObject: {fileID: 0}
  m_PrefabInternal: {fileID: 100100000}
  serializedVersion: 4
  m_Component:
  - 4: {fileID: 400820}
  - 137: {fileID: 13722540}
  m_Layer: 0
  m_Name: Bear
  m_TagString: Untagged
  m_Icon: {fileID: 0}
  m_NavMeshLayer: 0
  m_StaticEditorFlags: 0
  m_IsActive: 1
--- !u!1 &168284
GameObject:
  m_ObjectHideFlags: 1
  m_PrefabParentObject: {fileID: 0}
  m_PrefabInternal: {fileID: 100100000}
  serializedVersion: 4
  m_Component:
  - 4: {fileID: 462300}
  m_Layer: 0
  m_Name: Backpack1
  m_TagString: Untagged
  m_Icon: {fileID: 0}
  m_NavMeshLayer: 0
  m_StaticEditorFlags: 0
  m_IsActive: 1
--- !u!1 &170814
GameObject:
  m_ObjectHideFlags: 1
  m_PrefabParentObject: {fileID: 0}
  m_PrefabInternal: {fileID: 100100000}
  serializedVersion: 4
  m_Component:
  - 4: {fileID: 450112}
  m_Layer: 0
  m_Name: LeftHandRing1
  m_TagString: Untagged
  m_Icon: {fileID: 0}
  m_NavMeshLayer: 0
  m_StaticEditorFlags: 0
  m_IsActive: 1
--- !u!1 &171326
GameObject:
  m_ObjectHideFlags: 1
  m_PrefabParentObject: {fileID: 0}
  m_PrefabInternal: {fileID: 100100000}
  serializedVersion: 4
  m_Component:
  - 4: {fileID: 404528}
  m_Layer: 0
  m_Name: LeftEar1
  m_TagString: Untagged
  m_Icon: {fileID: 0}
  m_NavMeshLayer: 0
  m_StaticEditorFlags: 0
  m_IsActive: 1
--- !u!1 &178858
GameObject:
  m_ObjectHideFlags: 1
  m_PrefabParentObject: {fileID: 0}
  m_PrefabInternal: {fileID: 100100000}
  serializedVersion: 4
  m_Component:
  - 4: {fileID: 407714}
  m_Layer: 0
  m_Name: RightFoot
  m_TagString: Untagged
  m_Icon: {fileID: 0}
  m_NavMeshLayer: 0
  m_StaticEditorFlags: 0
  m_IsActive: 1
--- !u!1 &179758
GameObject:
  m_ObjectHideFlags: 1
  m_PrefabParentObject: {fileID: 0}
  m_PrefabInternal: {fileID: 100100000}
  serializedVersion: 4
  m_Component:
  - 4: {fileID: 426436}
  m_Layer: 0
  m_Name: Bone048(mirrored)
  m_TagString: Untagged
  m_Icon: {fileID: 0}
  m_NavMeshLayer: 0
  m_StaticEditorFlags: 0
  m_IsActive: 1
--- !u!1 &181496
GameObject:
  m_ObjectHideFlags: 1
  m_PrefabParentObject: {fileID: 0}
  m_PrefabInternal: {fileID: 100100000}
  serializedVersion: 4
  m_Component:
  - 4: {fileID: 467642}
  m_Layer: 0
  m_Name: RightHandIndex2
  m_TagString: Untagged
  m_Icon: {fileID: 0}
  m_NavMeshLayer: 0
  m_StaticEditorFlags: 0
  m_IsActive: 1
--- !u!1 &182444
GameObject:
  m_ObjectHideFlags: 1
  m_PrefabParentObject: {fileID: 0}
  m_PrefabInternal: {fileID: 100100000}
  serializedVersion: 4
  m_Component:
  - 4: {fileID: 434576}
  m_Layer: 0
  m_Name: Bone011(mirrored)
  m_TagString: Untagged
  m_Icon: {fileID: 0}
  m_NavMeshLayer: 0
  m_StaticEditorFlags: 0
  m_IsActive: 1
--- !u!1 &182768
GameObject:
  m_ObjectHideFlags: 1
  m_PrefabParentObject: {fileID: 0}
  m_PrefabInternal: {fileID: 100100000}
  serializedVersion: 4
  m_Component:
  - 4: {fileID: 405378}
  m_Layer: 0
  m_Name: RightHandThumb1
  m_TagString: Untagged
  m_Icon: {fileID: 0}
  m_NavMeshLayer: 0
  m_StaticEditorFlags: 0
  m_IsActive: 1
--- !u!1 &183076
GameObject:
  m_ObjectHideFlags: 1
  m_PrefabParentObject: {fileID: 0}
  m_PrefabInternal: {fileID: 100100000}
  serializedVersion: 4
  m_Component:
  - 4: {fileID: 401250}
  m_Layer: 0
  m_Name: RightForeArm
  m_TagString: Untagged
  m_Icon: {fileID: 0}
  m_NavMeshLayer: 0
  m_StaticEditorFlags: 0
  m_IsActive: 1
--- !u!1 &183156
GameObject:
  m_ObjectHideFlags: 0
  m_PrefabParentObject: {fileID: 0}
  m_PrefabInternal: {fileID: 100100000}
  serializedVersion: 4
  m_Component:
  - 4: {fileID: 465838}
  - 137: {fileID: 13749244}
  m_Layer: 0
  m_Name: Bear1
  m_TagString: Untagged
  m_Icon: {fileID: 0}
  m_NavMeshLayer: 0
  m_StaticEditorFlags: 0
  m_IsActive: 0
--- !u!1 &185256
GameObject:
  m_ObjectHideFlags: 1
  m_PrefabParentObject: {fileID: 0}
  m_PrefabInternal: {fileID: 100100000}
  serializedVersion: 4
  m_Component:
  - 4: {fileID: 446286}
  m_Layer: 0
  m_Name: RightHandPinky2
  m_TagString: Untagged
  m_Icon: {fileID: 0}
  m_NavMeshLayer: 0
  m_StaticEditorFlags: 0
  m_IsActive: 1
--- !u!1 &186122
GameObject:
  m_ObjectHideFlags: 1
  m_PrefabParentObject: {fileID: 0}
  m_PrefabInternal: {fileID: 100100000}
  serializedVersion: 4
  m_Component:
  - 4: {fileID: 414112}
  m_Layer: 0
  m_Name: Bone046
  m_TagString: Untagged
  m_Icon: {fileID: 0}
  m_NavMeshLayer: 0
  m_StaticEditorFlags: 0
  m_IsActive: 1
--- !u!1 &186444
GameObject:
  m_ObjectHideFlags: 1
  m_PrefabParentObject: {fileID: 0}
  m_PrefabInternal: {fileID: 100100000}
  serializedVersion: 4
  m_Component:
  - 4: {fileID: 494246}
  m_Layer: 0
  m_Name: LeftHandThumb2
  m_TagString: Untagged
  m_Icon: {fileID: 0}
  m_NavMeshLayer: 0
  m_StaticEditorFlags: 0
  m_IsActive: 1
--- !u!1 &186566
GameObject:
  m_ObjectHideFlags: 1
  m_PrefabParentObject: {fileID: 0}
  m_PrefabInternal: {fileID: 100100000}
  serializedVersion: 4
  m_Component:
  - 4: {fileID: 430354}
  m_Layer: 0
  m_Name: LeftUpLeg
  m_TagString: Untagged
  m_Icon: {fileID: 0}
  m_NavMeshLayer: 0
  m_StaticEditorFlags: 0
  m_IsActive: 1
--- !u!1 &186648
GameObject:
  m_ObjectHideFlags: 1
  m_PrefabParentObject: {fileID: 0}
  m_PrefabInternal: {fileID: 100100000}
  serializedVersion: 4
  m_Component:
  - 4: {fileID: 491352}
  m_Layer: 0
  m_Name: RightUpLeg
  m_TagString: Untagged
  m_Icon: {fileID: 0}
  m_NavMeshLayer: 0
  m_StaticEditorFlags: 0
  m_IsActive: 1
--- !u!1 &188288
GameObject:
  m_ObjectHideFlags: 1
  m_PrefabParentObject: {fileID: 0}
  m_PrefabInternal: {fileID: 100100000}
  serializedVersion: 4
  m_Component:
  - 4: {fileID: 452174}
  m_Layer: 0
  m_Name: RightHandRing2
  m_TagString: Untagged
  m_Icon: {fileID: 0}
  m_NavMeshLayer: 0
  m_StaticEditorFlags: 0
  m_IsActive: 1
--- !u!1 &191888
GameObject:
  m_ObjectHideFlags: 1
  m_PrefabParentObject: {fileID: 0}
  m_PrefabInternal: {fileID: 100100000}
  serializedVersion: 4
  m_Component:
  - 4: {fileID: 496370}
  m_Layer: 0
  m_Name: RightHandThumb3
  m_TagString: Untagged
  m_Icon: {fileID: 0}
  m_NavMeshLayer: 0
  m_StaticEditorFlags: 0
  m_IsActive: 1
--- !u!1 &191928
GameObject:
  m_ObjectHideFlags: 1
  m_PrefabParentObject: {fileID: 0}
  m_PrefabInternal: {fileID: 100100000}
  serializedVersion: 4
  m_Component:
  - 4: {fileID: 412310}
  m_Layer: 0
  m_Name: Bone011
  m_TagString: Untagged
  m_Icon: {fileID: 0}
  m_NavMeshLayer: 0
  m_StaticEditorFlags: 0
  m_IsActive: 1
--- !u!1 &192014
GameObject:
  m_ObjectHideFlags: 1
  m_PrefabParentObject: {fileID: 0}
  m_PrefabInternal: {fileID: 100100000}
  serializedVersion: 4
  m_Component:
  - 4: {fileID: 419782}
  m_Layer: 0
  m_Name: LeftHandPinky1
  m_TagString: Untagged
  m_Icon: {fileID: 0}
  m_NavMeshLayer: 0
  m_StaticEditorFlags: 0
  m_IsActive: 1
--- !u!1 &192514
GameObject:
  m_ObjectHideFlags: 1
  m_PrefabParentObject: {fileID: 0}
  m_PrefabInternal: {fileID: 100100000}
  serializedVersion: 4
  m_Component:
  - 4: {fileID: 472674}
  m_Layer: 0
  m_Name: LeftHandThumb3
  m_TagString: Untagged
  m_Icon: {fileID: 0}
  m_NavMeshLayer: 0
  m_StaticEditorFlags: 0
  m_IsActive: 1
--- !u!1 &194652
GameObject:
  m_ObjectHideFlags: 1
  m_PrefabParentObject: {fileID: 0}
  m_PrefabInternal: {fileID: 100100000}
  serializedVersion: 4
  m_Component:
  - 4: {fileID: 489638}
  m_Layer: 0
  m_Name: LeftUpperEyelid
  m_TagString: Untagged
  m_Icon: {fileID: 0}
  m_NavMeshLayer: 0
  m_StaticEditorFlags: 0
  m_IsActive: 1
--- !u!4 &400820
Transform:
  m_ObjectHideFlags: 1
  m_PrefabParentObject: {fileID: 0}
  m_PrefabInternal: {fileID: 100100000}
  m_GameObject: {fileID: 168124}
  m_LocalRotation: {x: -0.7071068, y: 0, z: -0, w: 0.7071068}
  m_LocalPosition: {x: 0, y: 0, z: 0}
  m_LocalScale: {x: 1, y: 1, z: 1}
  m_Children: []
  m_Father: {fileID: 495192}
  m_RootOrder: 0
--- !u!4 &401250
Transform:
  m_ObjectHideFlags: 1
  m_PrefabParentObject: {fileID: 0}
  m_PrefabInternal: {fileID: 100100000}
  m_GameObject: {fileID: 183076}
  m_LocalRotation: {x: -0.010471293, y: 0.13160308, z: 0.019527262, w: 0.99105483}
  m_LocalPosition: {x: -0.041345187, y: 0.000000019073486, z: 0.0000000011920929}
  m_LocalScale: {x: 1, y: 1.0000001, z: 1.0000001}
  m_Children:
  - {fileID: 472640}
  m_Father: {fileID: 432084}
  m_RootOrder: 0
--- !u!4 &402698
Transform:
  m_ObjectHideFlags: 1
  m_PrefabParentObject: {fileID: 0}
  m_PrefabInternal: {fileID: 100100000}
  m_GameObject: {fileID: 123976}
  m_LocalRotation: {x: -3.5804995e-10, y: -0.072934315, z: 0.000000006277031, w: 0.99733675}
  m_LocalPosition: {x: -0.010701542, y: -0.000000038743018, z: 0}
  m_LocalScale: {x: 1.0000001, y: 1.0000001, z: 1.0000001}
  m_Children: []
  m_Father: {fileID: 467642}
  m_RootOrder: 0
--- !u!4 &403736
Transform:
  m_ObjectHideFlags: 1
  m_PrefabParentObject: {fileID: 0}
  m_PrefabInternal: {fileID: 100100000}
  m_GameObject: {fileID: 148970}
  m_LocalRotation: {x: -0.0000000037252903, y: 0.0000000027939677, z: 0.000000007450581,
    w: 1}
  m_LocalPosition: {x: -0.012057361, y: 0.000000019073486, z: 0}
  m_LocalScale: {x: 1, y: 1, z: 1.0000001}
  m_Children: []
  m_Father: {fileID: 460512}
  m_RootOrder: 0
--- !u!4 &404516
Transform:
  m_ObjectHideFlags: 1
  m_PrefabParentObject: {fileID: 0}
  m_PrefabInternal: {fileID: 100100000}
  m_GameObject: {fileID: 143102}
  m_LocalRotation: {x: 0.00000007790482, y: -0.000000043930207, z: -0.15647039, w: 0.9876827}
  m_LocalPosition: {x: -0.042648982, y: 0.000000022649765, z: 0.000000007152557}
  m_LocalScale: {x: 0.99999994, y: 1, z: 0.99999994}
  m_Children:
  - {fileID: 463356}
  m_Father: {fileID: 407714}
  m_RootOrder: 0
--- !u!4 &404528
Transform:
  m_ObjectHideFlags: 1
  m_PrefabParentObject: {fileID: 0}
  m_PrefabInternal: {fileID: 100100000}
  m_GameObject: {fileID: 171326}
  m_LocalRotation: {x: -0.0047340207, y: -0.0219395, z: 0.21814919, w: 0.9756573}
  m_LocalPosition: {x: -0.072284885, y: -0.02842816, z: 0.018596884}
  m_LocalScale: {x: 1.0000002, y: 1, z: 1.0000002}
  m_Children: []
  m_Father: {fileID: 485992}
  m_RootOrder: 2
--- !u!4 &405378
Transform:
  m_ObjectHideFlags: 1
  m_PrefabParentObject: {fileID: 0}
  m_PrefabInternal: {fileID: 100100000}
  m_GameObject: {fileID: 182768}
  m_LocalRotation: {x: 0.6481882, y: 0.09090043, z: -0.2844341, w: 0.7004902}
  m_LocalPosition: {x: -0.012746524, y: 0.0025738524, z: 0.009356348}
  m_LocalScale: {x: 1.0000001, y: 1.0000001, z: 1.0000002}
  m_Children:
  - {fileID: 483960}
  m_Father: {fileID: 472640}
  m_RootOrder: 4
--- !u!4 &405972
Transform:
  m_ObjectHideFlags: 1
  m_PrefabParentObject: {fileID: 0}
  m_PrefabInternal: {fileID: 100100000}
  m_GameObject: {fileID: 125276}
  m_LocalRotation: {x: -0.00000020930835, y: -0.00000012180945, z: 0.51622206, w: 0.85645485}
  m_LocalPosition: {x: -0.03762804, y: -0.000000007152557, z: 0}
  m_LocalScale: {x: 1.0000001, y: 1.0000001, z: 1}
  m_Children:
  - {fileID: 407714}
  m_Father: {fileID: 491352}
  m_RootOrder: 0
--- !u!4 &407714
Transform:
  m_ObjectHideFlags: 1
  m_PrefabParentObject: {fileID: 0}
  m_PrefabInternal: {fileID: 100100000}
  m_GameObject: {fileID: 178858}
  m_LocalRotation: {x: -0.07250635, y: -0.06290074, z: 0.8634023, w: -0.49530068}
  m_LocalPosition: {x: -0.039494567, y: 0.0000000023841857, z: 0.0000000047683715}
  m_LocalScale: {x: 1, y: 0.9999998, z: 0.99999994}
  m_Children:
  - {fileID: 404516}
  m_Father: {fileID: 405972}
  m_RootOrder: 0
--- !u!4 &409258
Transform:
  m_ObjectHideFlags: 1
  m_PrefabParentObject: {fileID: 0}
  m_PrefabInternal: {fileID: 100100000}
  m_GameObject: {fileID: 164862}
  m_LocalRotation: {x: 3.552714e-15, y: -1.776357e-15, z: -0.000000014901163, w: 1}
  m_LocalPosition: {x: -0.035227414, y: 0.000000076293944, z: -0.000000004045826}
  m_LocalScale: {x: 1.0000001, y: 1.0000001, z: 1}
  m_Children: []
  m_Father: {fileID: 415778}
  m_RootOrder: 0
--- !u!4 &409450
Transform:
  m_ObjectHideFlags: 1
  m_PrefabParentObject: {fileID: 0}
  m_PrefabInternal: {fileID: 100100000}
  m_GameObject: {fileID: 116770}
  m_LocalRotation: {x: -0.63908374, y: 0.3022859, z: 0.30162206, w: 0.63970256}
  m_LocalPosition: {x: -0.021385575, y: -0.00050713064, z: 0.06158116}
  m_LocalScale: {x: 1.0000002, y: 1.0000001, z: 1.0000001}
  m_Children: []
  m_Father: {fileID: 485992}
  m_RootOrder: 5
--- !u!4 &412310
Transform:
  m_ObjectHideFlags: 1
  m_PrefabParentObject: {fileID: 0}
  m_PrefabInternal: {fileID: 100100000}
  m_GameObject: {fileID: 191928}
  m_LocalRotation: {x: 1.1641488e-10, y: -0.0000000049185473, z: -0.00000008754432,
    w: 1}
  m_LocalPosition: {x: -0.017906684, y: 0.00000085830686, z: -0.000000011920928}
  m_LocalScale: {x: 1, y: 1.0000001, z: 1}
  m_Children: []
  m_Father: {fileID: 472640}
  m_RootOrder: 0
--- !u!4 &414112
Transform:
  m_ObjectHideFlags: 1
  m_PrefabParentObject: {fileID: 0}
  m_PrefabInternal: {fileID: 100100000}
  m_GameObject: {fileID: 186122}
  m_LocalRotation: {x: -0.0000000037252903, y: 0.0000000027939677, z: 0.000000007450581,
    w: 1}
  m_LocalPosition: {x: -0.012057361, y: 0, z: 0}
  m_LocalScale: {x: 1, y: 1, z: 1.0000001}
  m_Children: []
  m_Father: {fileID: 477960}
  m_RootOrder: 0
--- !u!4 &415778
Transform:
  m_ObjectHideFlags: 1
  m_PrefabParentObject: {fileID: 0}
  m_PrefabInternal: {fileID: 100100000}
  m_GameObject: {fileID: 145266}
  m_LocalRotation: {x: -0.43989134, y: 0.5534442, z: 0.55312186, w: 0.44073954}
  m_LocalPosition: {x: -0.01490755, y: -0.0005015894, z: 0.027086923}
  m_LocalScale: {x: 1.0000002, y: 1, z: 1.0000002}
  m_Children:
  - {fileID: 409258}
  m_Father: {fileID: 485992}
  m_RootOrder: 1
--- !u!4 &417014
Transform:
  m_ObjectHideFlags: 1
  m_PrefabParentObject: {fileID: 0}
  m_PrefabInternal: {fileID: 100100000}
  m_GameObject: {fileID: 129928}
  m_LocalRotation: {x: 0.000000012179033, y: -0.000000017356596, z: 0.15647033, w: 0.9876827}
  m_LocalPosition: {x: -0.042648982, y: -0.000000011920928, z: -0.000000019073486}
  m_LocalScale: {x: 0.9999998, y: 1, z: 0.99999994}
  m_Children:
  - {fileID: 474970}
  m_Father: {fileID: 494194}
  m_RootOrder: 0
--- !u!4 &419782
Transform:
  m_ObjectHideFlags: 1
  m_PrefabParentObject: {fileID: 0}
  m_PrefabInternal: {fileID: 100100000}
  m_GameObject: {fileID: 192014}
  m_LocalRotation: {x: -0.7086377, y: -0.12317164, z: -0.015720272, w: 0.69456047}
  m_LocalPosition: {x: -0.022628583, y: -0.0032880781, z: -0.009791657}
  m_LocalScale: {x: 1.0000007, y: 1.0000004, z: 1.0000004}
  m_Children:
  - {fileID: 480962}
  m_Father: {fileID: 468652}
  m_RootOrder: 2
--- !u!4 &425216
Transform:
  m_ObjectHideFlags: 1
  m_PrefabParentObject: {fileID: 0}
  m_PrefabInternal: {fileID: 100100000}
  m_GameObject: {fileID: 110974}
  m_LocalRotation: {x: -0.00026238646, y: -0.09091897, z: -0.0028999909, w: 0.9958541}
  m_LocalPosition: {x: -0.010075359, y: -0.000000013113022, z: 0}
  m_LocalScale: {x: 1.0000001, y: 0.99999964, z: 1}
  m_Children: []
  m_Father: {fileID: 480962}
  m_RootOrder: 0
--- !u!4 &426436
Transform:
  m_ObjectHideFlags: 1
  m_PrefabParentObject: {fileID: 0}
  m_PrefabInternal: {fileID: 100100000}
  m_GameObject: {fileID: 179758}
  m_LocalRotation: {x: 0.00000008195638, y: 0.000000053085422, z: 0.0000002905727,
    w: 1}
  m_LocalPosition: {x: -0.012057343, y: 0.000000038146972, z: 0.00000004529953}
  m_LocalScale: {x: 0.9999999, y: 0.9999999, z: 1}
  m_Children: []
  m_Father: {fileID: 456596}
  m_RootOrder: 0
--- !u!4 &428828
Transform:
  m_ObjectHideFlags: 1
  m_PrefabParentObject: {fileID: 0}
  m_PrefabInternal: {fileID: 100100000}
  m_GameObject: {fileID: 156122}
  m_LocalRotation: {x: 0.7086377, y: -0.12317164, z: 0.015720248, w: 0.6945605}
  m_LocalPosition: {x: -0.022628555, y: 0.0032880593, z: -0.009791633}
  m_LocalScale: {x: 1.0000002, y: 1.0000001, z: 1.0000002}
  m_Children:
  - {fileID: 446286}
  m_Father: {fileID: 472640}
  m_RootOrder: 2
--- !u!4 &430354
Transform:
  m_ObjectHideFlags: 1
  m_PrefabParentObject: {fileID: 0}
  m_PrefabInternal: {fileID: 100100000}
  m_GameObject: {fileID: 186566}
  m_LocalRotation: {x: -0.011172077, y: 0.7469117, z: -0.66482675, w: 0.0018684657}
  m_LocalPosition: {x: -0.02727044, y: -0.033520527, z: 0.010430252}
  m_LocalScale: {x: 0.9999997, y: 0.9999998, z: 0.99999994}
  m_Children:
  - {fileID: 455188}
  m_Father: {fileID: 444978}
  m_RootOrder: 0
--- !u!4 &432084
Transform:
  m_ObjectHideFlags: 1
  m_PrefabParentObject: {fileID: 0}
  m_PrefabInternal: {fileID: 100100000}
  m_GameObject: {fileID: 139344}
  m_LocalRotation: {x: 0.014616017, y: -0.041219007, z: 0.24930073, w: 0.96743816}
  m_LocalPosition: {x: -0.043888092, y: -0.000000019073486, z: -0.0000000062584875}
  m_LocalScale: {x: 1.0000001, y: 1.0000001, z: 1}
  m_Children:
  - {fileID: 401250}
  m_Father: {fileID: 486938}
  m_RootOrder: 0
--- !u!4 &434576
Transform:
  m_ObjectHideFlags: 1
  m_PrefabParentObject: {fileID: 0}
  m_PrefabInternal: {fileID: 100100000}
  m_GameObject: {fileID: 182444}
  m_LocalRotation: {x: -0.00000000372529, y: 0.00000023372729, z: 0.000000006053595,
    w: 1}
  m_LocalPosition: {x: -0.017906703, y: -0.0000008392334, z: -0.000000021457671}
  m_LocalScale: {x: 1.0000006, y: 1.0000004, z: 1.0000002}
  m_Children: []
  m_Father: {fileID: 468652}
  m_RootOrder: 0
--- !u!4 &435760
Transform:
  m_ObjectHideFlags: 1
  m_PrefabParentObject: {fileID: 0}
  m_PrefabInternal: {fileID: 100100000}
  m_GameObject: {fileID: 125568}
  m_LocalRotation: {x: -0.0006904583, y: -0.0000022755908, z: 0.00086784223, w: 0.9999994}
  m_LocalPosition: {x: -0.043163422, y: -1.4901161e-10, z: 0.000000009536743}
  m_LocalScale: {x: 1.0000001, y: 1.0000001, z: 1}
  m_Children:
  - {fileID: 485992}
  m_Father: {fileID: 448750}
  m_RootOrder: 2
--- !u!4 &438060
Transform:
  m_ObjectHideFlags: 1
  m_PrefabParentObject: {fileID: 0}
  m_PrefabInternal: {fileID: 100100000}
  m_GameObject: {fileID: 166812}
  m_LocalRotation: {x: 0.70773536, y: -0.07512952, z: -0.0072718444, w: 0.70243394}
  m_LocalPosition: {x: -0.021093663, y: 0.003347721, z: 0.0061667673}
  m_LocalScale: {x: 1.0000001, y: 1, z: 1}
  m_Children:
  - {fileID: 467642}
  m_Father: {fileID: 472640}
  m_RootOrder: 1
--- !u!4 &439196
Transform:
  m_ObjectHideFlags: 1
  m_PrefabParentObject: {fileID: 0}
  m_PrefabInternal: {fileID: 100100000}
  m_GameObject: {fileID: 109508}
  m_LocalRotation: {x: 0.005087876, y: -0.021860015, z: -0.21935041, w: 0.97538793}
  m_LocalPosition: {x: -0.072216436, y: 0.027571794, z: 0.01861874}
  m_LocalScale: {x: 1.0000002, y: 1, z: 1.0000002}
  m_Children: []
  m_Father: {fileID: 485992}
  m_RootOrder: 6
--- !u!4 &440094
Transform:
  m_ObjectHideFlags: 1
  m_PrefabParentObject: {fileID: 0}
  m_PrefabInternal: {fileID: 100100000}
  m_GameObject: {fileID: 122566}
  m_LocalRotation: {x: 0.00008176349, y: -0.0729343, z: 0.0011180561, w: 0.99733615}
  m_LocalPosition: {x: -0.011310081, y: -0.000000011920928, z: 0.000000057220458}
  m_LocalScale: {x: 0.99999994, y: 0.99999994, z: 1.0000001}
  m_Children:
  - {fileID: 485556}
  m_Father: {fileID: 486250}
  m_RootOrder: 0
--- !u!4 &442038
Transform:
  m_ObjectHideFlags: 1
  m_PrefabParentObject: {fileID: 0}
  m_PrefabInternal: {fileID: 100100000}
  m_GameObject: {fileID: 119292}
  m_LocalRotation: {x: 0.70732164, y: -0.11356904, z: -0.030877143, w: 0.69702566}
  m_LocalPosition: {x: -0.025296105, y: 0.001320095, z: -0.0027244757}
  m_LocalScale: {x: 1.0000001, y: 1.0000002, z: 1.0000002}
  m_Children:
  - {fileID: 452174}
  m_Father: {fileID: 472640}
  m_RootOrder: 3
--- !u!4 &444978
Transform:
  m_ObjectHideFlags: 1
  m_PrefabParentObject: {fileID: 0}
  m_PrefabInternal: {fileID: 100100000}
  m_GameObject: {fileID: 103770}
  m_LocalRotation: {x: -0.092006296, y: -0.09200616, z: -0.70109546, w: 0.70109546}
  m_LocalPosition: {x: 0.000520524, y: 0.05616614, z: 0.005008243}
  m_LocalScale: {x: 1, y: 1, z: 1}
  m_Children:
  - {fileID: 430354}
  - {fileID: 491352}
  - {fileID: 465160}
  m_Father: {fileID: 495192}
  m_RootOrder: 4
--- !u!4 &444996
Transform:
  m_ObjectHideFlags: 1
  m_PrefabParentObject: {fileID: 0}
  m_PrefabInternal: {fileID: 100100000}
  m_GameObject: {fileID: 104688}
  m_LocalRotation: {x: 0.00026264467, y: -0.090918764, z: 0.0029000188, w: 0.9958541}
  m_LocalPosition: {x: -0.010075378, y: 0.000000011324882, z: 0}
  m_LocalScale: {x: 0.99999994, y: 0.9999997, z: 1.0000001}
  m_Children: []
  m_Father: {fileID: 446286}
  m_RootOrder: 0
--- !u!4 &446286
Transform:
  m_ObjectHideFlags: 1
  m_PrefabParentObject: {fileID: 0}
  m_PrefabInternal: {fileID: 100100000}
  m_GameObject: {fileID: 185256}
  m_LocalRotation: {x: -0.0050112465, y: -0.09078094, z: -0.054866165, w: 0.9943457}
  m_LocalPosition: {x: -0.008936758, y: 0.000000049769877, z: -0.000000019073486}
  m_LocalScale: {x: 1.0000001, y: 1.0000004, z: 1}
  m_Children:
  - {fileID: 444996}
  m_Father: {fileID: 428828}
  m_RootOrder: 0
--- !u!4 &447310
Transform:
  m_ObjectHideFlags: 1
  m_PrefabParentObject: {fileID: 0}
  m_PrefabInternal: {fileID: 100100000}
  m_GameObject: {fileID: 160850}
  m_LocalRotation: {x: 0.00000008064566, y: -0.116865546, z: -0.0000000039904022,
    w: 0.99314773}
  m_LocalPosition: {x: -0.010343456, y: -0.000000044554472, z: 0.000000057220458}
  m_LocalScale: {x: 1.0000001, y: 0.99999994, z: 0.9999998}
  m_Children: []
  m_Father: {fileID: 464956}
  m_RootOrder: 0
--- !u!4 &448750
Transform:
  m_ObjectHideFlags: 1
  m_PrefabParentObject: {fileID: 0}
  m_PrefabInternal: {fileID: 100100000}
  m_GameObject: {fileID: 136994}
  m_LocalRotation: {x: -0.00221661, y: 0.09961082, z: -0.0006329548, w: 0.99502385}
  m_LocalPosition: {x: -0.054891422, y: 0.0000000020861626, z: 0}
  m_LocalScale: {x: 0.9999999, y: 0.9999999, z: 0.9999999}
  m_Children:
  - {fileID: 462300}
  - {fileID: 486918}
  - {fileID: 435760}
  - {fileID: 486938}
  m_Father: {fileID: 465160}
  m_RootOrder: 0
--- !u!4 &450112
Transform:
  m_ObjectHideFlags: 1
  m_PrefabParentObject: {fileID: 0}
  m_PrefabInternal: {fileID: 100100000}
  m_GameObject: {fileID: 170814}
  m_LocalRotation: {x: -0.70732164, y: -0.11356901, z: 0.030877307, w: 0.69702566}
  m_LocalPosition: {x: -0.025296086, y: -0.001320095, z: -0.00272452}
  m_LocalScale: {x: 1.0000005, y: 1.0000004, z: 1.0000004}
  m_Children:
  - {fileID: 464956}
  m_Father: {fileID: 468652}
  m_RootOrder: 3
--- !u!4 &452174
Transform:
  m_ObjectHideFlags: 1
  m_PrefabParentObject: {fileID: 0}
  m_PrefabInternal: {fileID: 100100000}
  m_GameObject: {fileID: 188288}
  m_LocalRotation: {x: 0.0007862574, y: -0.11686274, z: 0.006681785, w: 0.9931253}
  m_LocalPosition: {x: -0.009950771, y: 1.11758706e-10, z: 0}
  m_LocalScale: {x: 1.0000001, y: 1.0000001, z: 1.0000001}
  m_Children:
  - {fileID: 494656}
  m_Father: {fileID: 442038}
  m_RootOrder: 0
--- !u!4 &454298
Transform:
  m_ObjectHideFlags: 1
  m_PrefabParentObject: {fileID: 0}
  m_PrefabInternal: {fileID: 100100000}
  m_GameObject: {fileID: 102946}
  m_LocalRotation: {x: -0.01461593, y: -0.041219078, z: -0.24930072, w: 0.96743816}
  m_LocalPosition: {x: -0.043888044, y: -0.000000019073486, z: -5.9604643e-10}
  m_LocalScale: {x: 1.0000001, y: 1.0000002, z: 0.99999994}
  m_Children:
  - {fileID: 484188}
  m_Father: {fileID: 486918}
  m_RootOrder: 0
--- !u!4 &454538
Transform:
  m_ObjectHideFlags: 1
  m_PrefabParentObject: {fileID: 0}
  m_PrefabInternal: {fileID: 100100000}
  m_GameObject: {fileID: 159564}
  m_LocalRotation: {x: 0.00000008568169, y: -0.000000030733595, z: 0.0000004693864,
    w: 1}
  m_LocalPosition: {x: -0.0120573705, y: 0, z: 0.0000000035762786}
  m_LocalScale: {x: 1.0000004, y: 1, z: 1.0000002}
  m_Children: []
  m_Father: {fileID: 489638}
  m_RootOrder: 0
--- !u!4 &455188
Transform:
  m_ObjectHideFlags: 1
  m_PrefabParentObject: {fileID: 0}
  m_PrefabInternal: {fileID: 100100000}
  m_GameObject: {fileID: 107894}
  m_LocalRotation: {x: 0.00000007856134, y: -0.00000016914288, z: -0.51622206, w: 0.8564548}
  m_LocalPosition: {x: -0.037628055, y: 0.000000009536743, z: -0.0000000047683715}
  m_LocalScale: {x: 1, y: 1.0000002, z: 1.0000001}
  m_Children:
  - {fileID: 494194}
  m_Father: {fileID: 430354}
  m_RootOrder: 0
--- !u!4 &456596
Transform:
  m_ObjectHideFlags: 1
  m_PrefabParentObject: {fileID: 0}
  m_PrefabInternal: {fileID: 100100000}
  m_GameObject: {fileID: 159426}
  m_LocalRotation: {x: 0.62870836, y: 0.51139605, z: -0.3246027, w: 0.48768124}
  m_LocalPosition: {x: -0.04998827, y: -0.017456576, z: 0.021589402}
  m_LocalScale: {x: 1.0000004, y: 1.0000005, z: 1.0000001}
  m_Children:
  - {fileID: 426436}
  m_Father: {fileID: 485992}
  m_RootOrder: 3
--- !u!4 &460512
Transform:
  m_ObjectHideFlags: 1
  m_PrefabParentObject: {fileID: 0}
  m_PrefabInternal: {fileID: 100100000}
  m_GameObject: {fileID: 144596}
  m_LocalRotation: {x: 0.6278926, y: -0.51203734, z: -0.32420576, w: -0.48832288}
  m_LocalPosition: {x: -0.049946744, y: 0.016543398, z: 0.021602672}
  m_LocalScale: {x: 1.0000002, y: 1.0000002, z: 1}
  m_Children:
  - {fileID: 403736}
  m_Father: {fileID: 485992}
  m_RootOrder: 7
--- !u!4 &462300
Transform:
  m_ObjectHideFlags: 1
  m_PrefabParentObject: {fileID: 0}
  m_PrefabInternal: {fileID: 100100000}
  m_GameObject: {fileID: 168284}
  m_LocalRotation: {x: 0.44575495, y: 0.5500969, z: 0.5485275, w: -0.44476235}
  m_LocalPosition: {x: 0.008600426, y: -0.00061970245, z: -0.03903757}
  m_LocalScale: {x: 1.0000001, y: 1.0000002, z: 1.0000004}
  m_Children:
  - {fileID: 466158}
  m_Father: {fileID: 448750}
  m_RootOrder: 0
--- !u!4 &463356
Transform:
  m_ObjectHideFlags: 1
  m_PrefabParentObject: {fileID: 0}
  m_PrefabInternal: {fileID: 100100000}
  m_GameObject: {fileID: 149856}
  m_LocalRotation: {x: 0.000000013038513, y: -0.000000031468513, z: -0.000000008731148,
    w: 1}
  m_LocalPosition: {x: -0.025012348, y: 0.0000000023841857, z: 0.0000000023841857}
  m_LocalScale: {x: 1, y: 1, z: 1}
  m_Children: []
  m_Father: {fileID: 404516}
  m_RootOrder: 0
--- !u!4 &463678
Transform:
  m_ObjectHideFlags: 1
  m_PrefabParentObject: {fileID: 0}
  m_PrefabInternal: {fileID: 100100000}
  m_GameObject: {fileID: 113842}
  m_LocalRotation: {x: -0.648188, y: 0.090900786, z: 0.284434, w: 0.7004903}
  m_LocalPosition: {x: -0.012746505, y: -0.0025737763, z: 0.009356318}
  m_LocalScale: {x: 1.0000002, y: 1.0000004, z: 1.0000001}
  m_Children:
  - {fileID: 494246}
  m_Father: {fileID: 468652}
  m_RootOrder: 4
--- !u!4 &464956
Transform:
  m_ObjectHideFlags: 1
  m_PrefabParentObject: {fileID: 0}
  m_PrefabInternal: {fileID: 100100000}
  m_GameObject: {fileID: 130474}
  m_LocalRotation: {x: -0.0007865168, y: -0.11686247, z: -0.0066820425, w: 0.9931253}
  m_LocalPosition: {x: -0.009950771, y: -0.000000034198163, z: 0}
  m_LocalScale: {x: 0.9999999, y: 1.0000002, z: 0.9999999}
  m_Children:
  - {fileID: 447310}
  m_Father: {fileID: 450112}
  m_RootOrder: 0
--- !u!4 &465160
Transform:
  m_ObjectHideFlags: 1
  m_PrefabParentObject: {fileID: 0}
  m_PrefabInternal: {fileID: 100100000}
  m_GameObject: {fileID: 121292}
  m_LocalRotation: {x: 0.0034865343, y: 0.13011572, z: -0.00045754542, w: 0.9914926}
  m_LocalPosition: {x: -0.0418676, y: -0.0000000051036477, z: 0.0000000023841857}
  m_LocalScale: {x: 1, y: 1, z: 0.9999999}
  m_Children:
  - {fileID: 448750}
  m_Father: {fileID: 444978}
  m_RootOrder: 2
--- !u!4 &465838
Transform:
  m_ObjectHideFlags: 1
  m_PrefabParentObject: {fileID: 0}
  m_PrefabInternal: {fileID: 100100000}
  m_GameObject: {fileID: 183156}
  m_LocalRotation: {x: -0.7071068, y: 0, z: -0, w: 0.7071068}
  m_LocalPosition: {x: 0, y: 0, z: 0}
  m_LocalScale: {x: 1, y: 1, z: 1}
  m_Children: []
  m_Father: {fileID: 495192}
  m_RootOrder: 1
--- !u!4 &466158
Transform:
  m_ObjectHideFlags: 1
  m_PrefabParentObject: {fileID: 0}
  m_PrefabInternal: {fileID: 100100000}
  m_GameObject: {fileID: 144246}
  m_LocalRotation: {x: 3.552714e-15, y: -1.6653345e-16, z: 5.9164577e-31, w: 1}
  m_LocalPosition: {x: -0.026769705, y: -0.000000009536743, z: 0.000000003191069}
  m_LocalScale: {x: 1, y: 1, z: 1}
  m_Children: []
  m_Father: {fileID: 462300}
  m_RootOrder: 0
--- !u!4 &467642
Transform:
  m_ObjectHideFlags: 1
  m_PrefabParentObject: {fileID: 0}
  m_PrefabInternal: {fileID: 100100000}
  m_GameObject: {fileID: 181496}
  m_LocalRotation: {x: -0.00008176827, y: -0.072934285, z: -0.001118132, w: 0.99733615}
  m_LocalPosition: {x: -0.011310024, y: -0.000000001490116, z: 0}
  m_LocalScale: {x: 0.99999994, y: 0.9999999, z: 0.99999994}
  m_Children:
  - {fileID: 402698}
  m_Father: {fileID: 438060}
  m_RootOrder: 0
--- !u!4 &468652
Transform:
  m_ObjectHideFlags: 1
  m_PrefabParentObject: {fileID: 0}
  m_PrefabInternal: {fileID: 100100000}
  m_GameObject: {fileID: 136092}
  m_LocalRotation: {x: -0.00000000967217, y: -0.0000008094974, z: -0.018849213, w: 0.9998223}
  m_LocalPosition: {x: -0.04381568, y: -0.000000076293944, z: 0.000000052452087}
  m_LocalScale: {x: 0.9999999, y: 0.9999999, z: 0.99999964}
  m_Children:
  - {fileID: 434576}
  - {fileID: 486250}
  - {fileID: 419782}
  - {fileID: 450112}
  - {fileID: 463678}
  m_Father: {fileID: 484188}
  m_RootOrder: 0
--- !u!4 &472640
Transform:
  m_ObjectHideFlags: 1
  m_PrefabParentObject: {fileID: 0}
  m_PrefabInternal: {fileID: 100100000}
  m_GameObject: {fileID: 104176}
  m_LocalRotation: {x: 0.000000027641994, y: -0.0000007497779, z: 0.018849453, w: 0.9998223}
  m_LocalPosition: {x: -0.042765655, y: 0.000000038146972, z: 0.000000042915342}
  m_LocalScale: {x: 1, y: 0.9999999, z: 1}
  m_Children:
  - {fileID: 412310}
  - {fileID: 438060}
  - {fileID: 428828}
  - {fileID: 442038}
  - {fileID: 405378}
  m_Father: {fileID: 401250}
  m_RootOrder: 0
--- !u!4 &472674
Transform:
  m_ObjectHideFlags: 1
  m_PrefabParentObject: {fileID: 0}
  m_PrefabInternal: {fileID: 100100000}
  m_GameObject: {fileID: 192514}
  m_LocalRotation: {x: 0.00000009313227, y: 0.0000002384186, z: -0.00000004749748,
    w: 1}
  m_LocalPosition: {x: -0.009597502, y: 0.000000009536743, z: 0.000000019073486}
  m_LocalScale: {x: 0.99999994, y: 0.9999997, z: 1.0000002}
  m_Children: []
  m_Father: {fileID: 494246}
  m_RootOrder: 0
--- !u!4 &474970
Transform:
  m_ObjectHideFlags: 1
  m_PrefabParentObject: {fileID: 0}
  m_PrefabInternal: {fileID: 100100000}
  m_GameObject: {fileID: 109444}
  m_LocalRotation: {x: -0.0000000018626426, y: 0.00000018940769, z: -0.000000013504175,
    w: 1}
  m_LocalPosition: {x: -0.025012359, y: 0.000000004172325, z: 0}
  m_LocalScale: {x: 1.0000004, y: 1.0000002, z: 1.0000001}
  m_Children: []
  m_Father: {fileID: 417014}
  m_RootOrder: 0
--- !u!4 &477960
Transform:
  m_ObjectHideFlags: 1
  m_PrefabParentObject: {fileID: 0}
  m_PrefabInternal: {fileID: 100100000}
  m_GameObject: {fileID: 137214}
  m_LocalRotation: {x: 0.6278926, y: -0.51203734, z: -0.32420576, w: -0.48832288}
  m_LocalPosition: {x: -0.050241947, y: 0.01654379, z: 0.021516172}
  m_LocalScale: {x: 1.0000002, y: 1.0000002, z: 1}
  m_Children:
  - {fileID: 414112}
  m_Father: {fileID: 485992}
  m_RootOrder: 8
--- !u!4 &478924
Transform:
  m_ObjectHideFlags: 1
  m_PrefabParentObject: {fileID: 0}
  m_PrefabInternal: {fileID: 100100000}
  m_GameObject: {fileID: 156770}
  m_LocalRotation: {x: -0.7071068, y: 0, z: -0, w: 0.7071068}
  m_LocalPosition: {x: 0, y: 0, z: 0}
  m_LocalScale: {x: 1, y: 1, z: 1}
  m_Children: []
  m_Father: {fileID: 495192}
  m_RootOrder: 6
--- !u!4 &480766
Transform:
  m_ObjectHideFlags: 1
  m_PrefabParentObject: {fileID: 0}
  m_PrefabInternal: {fileID: 100100000}
  m_GameObject: {fileID: 137590}
  m_LocalRotation: {x: -0.7071068, y: 0, z: -0, w: 0.7071068}
  m_LocalPosition: {x: 0, y: 0, z: 0}
  m_LocalScale: {x: 1, y: 1, z: 1}
  m_Children: []
  m_Father: {fileID: 495192}
  m_RootOrder: 3
--- !u!4 &480962
Transform:
  m_ObjectHideFlags: 1
  m_PrefabParentObject: {fileID: 0}
  m_PrefabInternal: {fileID: 100100000}
  m_GameObject: {fileID: 151680}
  m_LocalRotation: {x: 0.0050109993, y: -0.09078079, z: 0.054866232, w: 0.9943458}
  m_LocalPosition: {x: -0.00893671, y: -0.00000007033348, z: 0}
  m_LocalScale: {x: 1.0000001, y: 1, z: 0.9999999}
  m_Children:
  - {fileID: 425216}
  m_Father: {fileID: 419782}
  m_RootOrder: 0
--- !u!4 &482352
Transform:
  m_ObjectHideFlags: 1
  m_PrefabParentObject: {fileID: 0}
  m_PrefabInternal: {fileID: 100100000}
  m_GameObject: {fileID: 145950}
  m_LocalRotation: {x: -0.7071068, y: 0, z: -0, w: 0.7071068}
  m_LocalPosition: {x: 0, y: 0.26524252, z: 0.04010806}
  m_LocalScale: {x: 1, y: 1, z: 1}
  m_Children: []
  m_Father: {fileID: 495192}
  m_RootOrder: 5
--- !u!4 &483960
Transform:
  m_ObjectHideFlags: 1
  m_PrefabParentObject: {fileID: 0}
  m_PrefabInternal: {fileID: 100100000}
  m_GameObject: {fileID: 135682}
  m_LocalRotation: {x: 0.0000000036622596, y: 6.8237754e-10, z: 0.18317434, w: 0.98308045}
  m_LocalPosition: {x: -0.011135325, y: 0, z: -0.000000038146972}
  m_LocalScale: {x: 1.0000001, y: 1.0000001, z: 0.9999998}
  m_Children:
  - {fileID: 496370}
  m_Father: {fileID: 405378}
  m_RootOrder: 0
--- !u!4 &484188
Transform:
  m_ObjectHideFlags: 1
  m_PrefabParentObject: {fileID: 0}
  m_PrefabInternal: {fileID: 100100000}
  m_GameObject: {fileID: 163892}
  m_LocalRotation: {x: 0.010351858, y: 0.1294794, z: -0.020132178, w: 0.9913237}
  m_LocalPosition: {x: -0.041345205, y: 0, z: 0.000000020861625}
  m_LocalScale: {x: 0.99999994, y: 0.9999999, z: 1.0000004}
  m_Children:
  - {fileID: 468652}
  m_Father: {fileID: 454298}
  m_RootOrder: 0
--- !u!4 &485556
Transform:
  m_ObjectHideFlags: 1
  m_PrefabParentObject: {fileID: 0}
  m_PrefabInternal: {fileID: 100100000}
  m_GameObject: {fileID: 153422}
  m_LocalRotation: {x: 8.935604e-10, y: -0.072934106, z: 0.000000038555818, w: 0.9973368}
  m_LocalPosition: {x: -0.010701609, y: 0.000000048279762, z: 0}
  m_LocalScale: {x: 0.9999999, y: 0.99999994, z: 0.99999976}
  m_Children: []
  m_Father: {fileID: 440094}
  m_RootOrder: 0
--- !u!4 &485992
Transform:
  m_ObjectHideFlags: 1
  m_PrefabParentObject: {fileID: 0}
  m_PrefabInternal: {fileID: 100100000}
  m_GameObject: {fileID: 159380}
  m_LocalRotation: {x: -0.00090875034, y: -0.077251665, z: -0.000070412985, w: 0.99701124}
  m_LocalPosition: {x: -0.017184505, y: 1.4901161e-10, z: 0}
  m_LocalScale: {x: 1.0000001, y: 1, z: 1.0000002}
  m_Children:
  - {fileID: 499016}
  - {fileID: 415778}
  - {fileID: 404528}
  - {fileID: 456596}
  - {fileID: 489638}
  - {fileID: 409450}
  - {fileID: 439196}
  - {fileID: 460512}
  - {fileID: 477960}
  m_Father: {fileID: 435760}
  m_RootOrder: 0
--- !u!4 &486250
Transform:
  m_ObjectHideFlags: 1
  m_PrefabParentObject: {fileID: 0}
  m_PrefabInternal: {fileID: 100100000}
  m_GameObject: {fileID: 123198}
  m_LocalRotation: {x: -0.70773536, y: -0.07512937, z: 0.007271877, w: 0.7024339}
  m_LocalPosition: {x: -0.021093674, y: -0.0033477591, z: 0.0061667454}
  m_LocalScale: {x: 1.0000004, y: 1.0000002, z: 1.0000002}
  m_Children:
  - {fileID: 440094}
  m_Father: {fileID: 468652}
  m_RootOrder: 1
--- !u!4 &486918
Transform:
  m_ObjectHideFlags: 1
  m_PrefabParentObject: {fileID: 0}
  m_PrefabInternal: {fileID: 100100000}
  m_GameObject: {fileID: 157254}
  m_LocalRotation: {x: -0.08854412, y: -0.04565303, z: 0.87858325, w: 0.46708384}
  m_LocalPosition: {x: -0.043163422, y: 0.0000000058859584, z: 0.000000023841856}
  m_LocalScale: {x: 1.0000002, y: 1.0000002, z: 1.0000004}
  m_Children:
  - {fileID: 454298}
  m_Father: {fileID: 448750}
  m_RootOrder: 1
--- !u!4 &486938
Transform:
  m_ObjectHideFlags: 1
  m_PrefabParentObject: {fileID: 0}
  m_PrefabInternal: {fileID: 100100000}
  m_GameObject: {fileID: 141298}
  m_LocalRotation: {x: -0.087339625, y: 0.047917154, z: 0.8783177, w: -0.46758288}
  m_LocalPosition: {x: -0.043163422, y: 0.0000000058859584, z: 0.000000042915342}
  m_LocalScale: {x: 1.0000002, y: 1.0000004, z: 1.0000004}
  m_Children:
  - {fileID: 432084}
  m_Father: {fileID: 448750}
  m_RootOrder: 3
--- !u!4 &489638
Transform:
  m_ObjectHideFlags: 1
  m_PrefabParentObject: {fileID: 0}
  m_PrefabInternal: {fileID: 100100000}
  m_GameObject: {fileID: 194652}
  m_LocalRotation: {x: 0.62870824, y: 0.51139635, z: -0.3246026, w: 0.48768124}
  m_LocalPosition: {x: -0.050283488, y: -0.017456187, z: 0.021502886}
  m_LocalScale: {x: 1.0000001, y: 1.0000001, z: 1.0000004}
  m_Children:
  - {fileID: 454538}
  m_Father: {fileID: 485992}
  m_RootOrder: 4
--- !u!4 &491352
Transform:
  m_ObjectHideFlags: 1
  m_PrefabParentObject: {fileID: 0}
  m_PrefabInternal: {fileID: 100100000}
  m_GameObject: {fileID: 186648}
  m_LocalRotation: {x: 0.01117212, y: 0.74691176, z: 0.66482675, w: 0.0018682161}
  m_LocalPosition: {x: -0.027270459, y: 0.032479472, z: 0.010430278}
  m_LocalScale: {x: 1, y: 0.99999994, z: 1}
  m_Children:
  - {fileID: 405972}
  m_Father: {fileID: 444978}
  m_RootOrder: 1
--- !u!4 &494194
Transform:
  m_ObjectHideFlags: 1
  m_PrefabParentObject: {fileID: 0}
  m_PrefabInternal: {fileID: 100100000}
  m_GameObject: {fileID: 162150}
  m_LocalRotation: {x: -0.07250643, y: 0.06290074, z: 0.8634024, w: 0.49530047}
  m_LocalPosition: {x: -0.03949457, y: 0.000000009536743, z: 0.0000000166893}
  m_LocalScale: {x: 0.9999999, y: 1.0000002, z: 1}
  m_Children:
  - {fileID: 417014}
  m_Father: {fileID: 455188}
  m_RootOrder: 0
--- !u!4 &494246
Transform:
  m_ObjectHideFlags: 1
  m_PrefabParentObject: {fileID: 0}
  m_PrefabInternal: {fileID: 100100000}
  m_GameObject: {fileID: 186444}
  m_LocalRotation: {x: -0.0000002807177, y: -0.0000002660048, z: -0.18317448, w: 0.98308045}
  m_LocalPosition: {x: -0.011135358, y: 0.000000009536743, z: -0.000000038146972}
  m_LocalScale: {x: 1.0000002, y: 0.99999976, z: 1}
  m_Children:
  - {fileID: 472674}
  m_Father: {fileID: 463678}
  m_RootOrder: 0
--- !u!4 &494656
Transform:
  m_ObjectHideFlags: 1
  m_PrefabParentObject: {fileID: 0}
  m_PrefabInternal: {fileID: 100100000}
  m_GameObject: {fileID: 138048}
  m_LocalRotation: {x: -4.1955944e-10, y: -0.11686535, z: -0.0000000015732112, w: 0.9931478}
  m_LocalPosition: {x: -0.010343446, y: 0.000000044554472, z: 0}
  m_LocalScale: {x: 0.99999994, y: 1, z: 1}
  m_Children: []
  m_Father: {fileID: 452174}
  m_RootOrder: 0
--- !u!4 &495116
Transform:
  m_ObjectHideFlags: 1
  m_PrefabParentObject: {fileID: 0}
  m_PrefabInternal: {fileID: 100100000}
  m_GameObject: {fileID: 128304}
  m_LocalRotation: {x: -0.7071068, y: 0, z: -0, w: 0.7071068}
  m_LocalPosition: {x: 0, y: 0, z: 0}
  m_LocalScale: {x: 1, y: 1, z: 1}
  m_Children: []
  m_Father: {fileID: 495192}
  m_RootOrder: 2
--- !u!4 &495192
Transform:
  m_ObjectHideFlags: 1
  m_PrefabParentObject: {fileID: 0}
  m_PrefabInternal: {fileID: 100100000}
  m_GameObject: {fileID: 148966}
  m_LocalRotation: {x: 0, y: 0, z: 0, w: 1}
  m_LocalPosition: {x: -0.31, y: 0, z: 0.63}
  m_LocalScale: {x: 1, y: 1, z: 1}
  m_Children:
  - {fileID: 400820}
  - {fileID: 465838}
  - {fileID: 495116}
  - {fileID: 480766}
  - {fileID: 444978}
  - {fileID: 482352}
  - {fileID: 478924}
  m_Father: {fileID: 0}
  m_RootOrder: 0
--- !u!4 &496370
Transform:
  m_ObjectHideFlags: 1
  m_PrefabParentObject: {fileID: 0}
  m_PrefabInternal: {fileID: 100100000}
  m_GameObject: {fileID: 191888}
  m_LocalRotation: {x: 0.0000000037252899, y: -3.3306688e-16, z: -0.00000008940697,
    w: 1}
  m_LocalPosition: {x: -0.009597511, y: 0, z: 0}
  m_LocalScale: {x: 1, y: 0.99999994, z: 1}
  m_Children: []
  m_Father: {fileID: 483960}
  m_RootOrder: 0
--- !u!4 &499016
Transform:
  m_ObjectHideFlags: 1
  m_PrefabParentObject: {fileID: 0}
  m_PrefabInternal: {fileID: 100100000}
  m_GameObject: {fileID: 144550}
  m_LocalRotation: {x: 1.8189894e-12, y: 0.0000000018626454, z: -3.388132e-21, w: 1}
  m_LocalPosition: {x: -0.06659821, y: -0.0000000070780515, z: 5.9604643e-10}
  m_LocalScale: {x: 1, y: 1, z: 1.0000001}
  m_Children: []
  m_Father: {fileID: 485992}
  m_RootOrder: 0
--- !u!111 &11172872
Animation:
  m_ObjectHideFlags: 1
  m_PrefabParentObject: {fileID: 0}
  m_PrefabInternal: {fileID: 100100000}
  m_GameObject: {fileID: 148966}
  m_Enabled: 1
  serializedVersion: 3
  m_Animation: {fileID: 7400008, guid: 0c5fe99d9ff414709892d59ccc7d5ef0, type: 3}
  m_Animations:
  - {fileID: 7400006, guid: 0c5fe99d9ff414709892d59ccc7d5ef0, type: 3}
  - {fileID: 7400022, guid: 0c5fe99d9ff414709892d59ccc7d5ef0, type: 3}
  - {fileID: 7400008, guid: 0c5fe99d9ff414709892d59ccc7d5ef0, type: 3}
  - {fileID: 7400002, guid: 0c5fe99d9ff414709892d59ccc7d5ef0, type: 3}
  - {fileID: 7400018, guid: 0c5fe99d9ff414709892d59ccc7d5ef0, type: 3}
  - {fileID: 7400010, guid: 0c5fe99d9ff414709892d59ccc7d5ef0, type: 3}
  - {fileID: 7400020, guid: 0c5fe99d9ff414709892d59ccc7d5ef0, type: 3}
  - {fileID: 7400000, guid: 0c5fe99d9ff414709892d59ccc7d5ef0, type: 3}
  - {fileID: 7400016, guid: 0c5fe99d9ff414709892d59ccc7d5ef0, type: 3}
  - {fileID: 7400012, guid: 0c5fe99d9ff414709892d59ccc7d5ef0, type: 3}
  - {fileID: 7400004, guid: 0c5fe99d9ff414709892d59ccc7d5ef0, type: 3}
  - {fileID: 7400014, guid: 0c5fe99d9ff414709892d59ccc7d5ef0, type: 3}
  - {fileID: 7400000, guid: 826d01abd68414744a1bd6d16b4faffe, type: 3}
  - {fileID: 7400002, guid: 826d01abd68414744a1bd6d16b4faffe, type: 3}
  - {fileID: 7400004, guid: 826d01abd68414744a1bd6d16b4faffe, type: 3}
  - {fileID: 7400016, guid: ebfd801a0b92d4d309b42a9eea29d3af, type: 3}
  - {fileID: 7400012, guid: ebfd801a0b92d4d309b42a9eea29d3af, type: 3}
  - {fileID: 7400008, guid: ebfd801a0b92d4d309b42a9eea29d3af, type: 3}
  - {fileID: 7400010, guid: ebfd801a0b92d4d309b42a9eea29d3af, type: 3}
  - {fileID: 7400002, guid: ebfd801a0b92d4d309b42a9eea29d3af, type: 3}
  - {fileID: 7400004, guid: ebfd801a0b92d4d309b42a9eea29d3af, type: 3}
  - {fileID: 7400006, guid: ebfd801a0b92d4d309b42a9eea29d3af, type: 3}
  - {fileID: 7400014, guid: ebfd801a0b92d4d309b42a9eea29d3af, type: 3}
  m_WrapMode: 0
  m_PlayAutomatically: 1
  m_AnimatePhysics: 0
  m_CullingType: 1
--- !u!137 &13722540
SkinnedMeshRenderer:
  m_ObjectHideFlags: 1
  m_PrefabParentObject: {fileID: 0}
  m_PrefabInternal: {fileID: 100100000}
  m_GameObject: {fileID: 168124}
  m_Enabled: 1
  m_CastShadows: 1
  m_ReceiveShadows: 1
  m_Materials:
  - {fileID: 2100000, guid: bf7a1195caf7d4b32aa7e4d4bb245b27, type: 2}
  m_SubsetIndices: 
  m_StaticBatchRoot: {fileID: 0}
  m_UseLightProbes: 1
  m_ReflectionProbeUsage: 1
  m_ProbeAnchor: {fileID: 0}
  m_ScaleInLightmap: 1
  m_PreserveUVs: 0
  m_IgnoreNormalsForChartDetection: 0
  m_ImportantGI: 0
  m_MinimumChartSize: 4
  m_AutoUVMaxDistance: 0.5
  m_AutoUVMaxAngle: 89
  m_LightmapParameters: {fileID: 0}
  m_SortingLayerID: 0
  m_SortingOrder: 0
  serializedVersion: 2
  m_Quality: 0
  m_UpdateWhenOffscreen: 0
  m_Mesh: {fileID: 4300004, guid: e35e910538f04410fadfb0144dc50b6a, type: 3}
  m_Bones:
  - {fileID: 486918}
  - {fileID: 454298}
  - {fileID: 448750}
  - {fileID: 465160}
  - {fileID: 444978}
  - {fileID: 435760}
  - {fileID: 485992}
  - {fileID: 405972}
  - {fileID: 455188}
  - {fileID: 491352}
  - {fileID: 430354}
  - {fileID: 494194}
  - {fileID: 486938}
  - {fileID: 484188}
  - {fileID: 463678}
  - {fileID: 468652}
  - {fileID: 434576}
  - {fileID: 419782}
  - {fileID: 417014}
  - {fileID: 415778}
  - {fileID: 432084}
  - {fileID: 407714}
  - {fileID: 401250}
  - {fileID: 405378}
  - {fileID: 472640}
  - {fileID: 412310}
  - {fileID: 428828}
  - {fileID: 404516}
  m_BlendShapeWeights: []
  m_RootBone: {fileID: 444978}
  m_AABB:
    m_Center: {x: -0.07274584, y: -0.00047922134, z: 0.027791347}
    m_Extent: {x: 0.15160498, y: 0.15830114, z: 0.09662527}
  m_DirtyAABB: 0
--- !u!137 &13729296
SkinnedMeshRenderer:
  m_ObjectHideFlags: 1
  m_PrefabParentObject: {fileID: 0}
  m_PrefabInternal: {fileID: 100100000}
  m_GameObject: {fileID: 156770}
  m_Enabled: 1
  m_CastShadows: 1
  m_ReceiveShadows: 1
  m_Materials:
  - {fileID: 2100000, guid: ee365cca484c64c01a51598a5110780d, type: 2}
  m_SubsetIndices: 
  m_StaticBatchRoot: {fileID: 0}
  m_UseLightProbes: 1
  m_ReflectionProbeUsage: 1
  m_ProbeAnchor: {fileID: 0}
  m_ScaleInLightmap: 1
  m_PreserveUVs: 0
  m_IgnoreNormalsForChartDetection: 0
  m_ImportantGI: 0
  m_MinimumChartSize: 4
  m_AutoUVMaxDistance: 0.5
  m_AutoUVMaxAngle: 89
  m_LightmapParameters: {fileID: 0}
  m_SortingLayerID: 0
  m_SortingOrder: 0
  serializedVersion: 2
  m_Quality: 0
  m_UpdateWhenOffscreen: 0
  m_Mesh: {fileID: 4300010, guid: e35e910538f04410fadfb0144dc50b6a, type: 3}
  m_Bones:
  - {fileID: 485992}
  - {fileID: 456596}
  - {fileID: 460512}
  m_BlendShapeWeights: []
  m_RootBone: {fileID: 485992}
  m_AABB:
    m_Center: {x: -0.049382973, y: -0.00045889243, z: 0.032021765}
    m_Extent: {x: 0.0038618967, y: 0.030766249, z: 0.004618249}
  m_DirtyAABB: 0
--- !u!137 &13749244
SkinnedMeshRenderer:
  m_ObjectHideFlags: 1
  m_PrefabParentObject: {fileID: 0}
  m_PrefabInternal: {fileID: 100100000}
  m_GameObject: {fileID: 183156}
  m_Enabled: 1
  m_CastShadows: 1
  m_ReceiveShadows: 1
  m_Materials:
  - {fileID: 2100000, guid: bf7a1195caf7d4b32aa7e4d4bb245b27, type: 2}
  m_SubsetIndices: 
  m_StaticBatchRoot: {fileID: 0}
  m_UseLightProbes: 1
  m_ReflectionProbeUsage: 1
  m_ProbeAnchor: {fileID: 0}
  m_ScaleInLightmap: 1
  m_PreserveUVs: 0
  m_IgnoreNormalsForChartDetection: 0
  m_ImportantGI: 0
  m_MinimumChartSize: 4
  m_AutoUVMaxDistance: 0.5
  m_AutoUVMaxAngle: 89
  m_LightmapParameters: {fileID: 0}
  m_SortingLayerID: 0
  m_SortingOrder: 0
  serializedVersion: 2
  m_Quality: 0
  m_UpdateWhenOffscreen: 0
  m_Mesh: {fileID: 4300002, guid: e35e910538f04410fadfb0144dc50b6a, type: 3}
  m_Bones:
  - {fileID: 462300}
  - {fileID: 444978}
  - {fileID: 448750}
  - {fileID: 486918}
  - {fileID: 454298}
  - {fileID: 435760}
  - {fileID: 485992}
  - {fileID: 484188}
  - {fileID: 465160}
  - {fileID: 486938}
  - {fileID: 430354}
  - {fileID: 455188}
  - {fileID: 494194}
  - {fileID: 417014}
  - {fileID: 404528}
  - {fileID: 432084}
  - {fileID: 401250}
  - {fileID: 491352}
  - {fileID: 405972}
  - {fileID: 407714}
  - {fileID: 404516}
  - {fileID: 439196}
  m_BlendShapeWeights: []
  m_RootBone: {fileID: 444978}
  m_AABB:
    m_Center: {x: -0.08502368, y: -0.00052053854, z: 0.022773225}
    m_Extent: {x: 0.16383693, y: 0.07795055, z: 0.084190905}
  m_DirtyAABB: 0
--- !u!137 &13758988
SkinnedMeshRenderer:
  m_ObjectHideFlags: 1
  m_PrefabParentObject: {fileID: 0}
  m_PrefabInternal: {fileID: 100100000}
  m_GameObject: {fileID: 137590}
  m_Enabled: 1
  m_CastShadows: 1
  m_ReceiveShadows: 1
  m_Materials:
  - {fileID: 2100000, guid: e47c06d68b07d4eeb930b28b9e6debc0, type: 2}
  m_SubsetIndices: 
  m_StaticBatchRoot: {fileID: 0}
  m_UseLightProbes: 1
  m_ReflectionProbeUsage: 1
  m_ProbeAnchor: {fileID: 0}
  m_ScaleInLightmap: 1
  m_PreserveUVs: 0
  m_IgnoreNormalsForChartDetection: 0
  m_ImportantGI: 0
  m_MinimumChartSize: 4
  m_AutoUVMaxDistance: 0.5
  m_AutoUVMaxAngle: 89
  m_LightmapParameters: {fileID: 0}
  m_SortingLayerID: 0
  m_SortingOrder: 0
  serializedVersion: 2
  m_Quality: 0
  m_UpdateWhenOffscreen: 0
  m_Mesh: {fileID: 4300000, guid: e35e910538f04410fadfb0144dc50b6a, type: 3}
  m_Bones:
  - {fileID: 485992}
  - {fileID: 444978}
  - {fileID: 430354}
  - {fileID: 455188}
  - {fileID: 494194}
  - {fileID: 417014}
  - {fileID: 465160}
  - {fileID: 491352}
  - {fileID: 405972}
  - {fileID: 407714}
  - {fileID: 404516}
  - {fileID: 448750}
  - {fileID: 486918}
  - {fileID: 486938}
  - {fileID: 454298}
  - {fileID: 484188}
  - {fileID: 435760}
  - {fileID: 432084}
  - {fileID: 415778}
  - {fileID: 401250}
  m_BlendShapeWeights: []
  m_RootBone: {fileID: 444978}
  m_AABB:
    m_Center: {x: -0.082017854, y: -0.0071752705, z: 0.032165237}
    m_Extent: {x: 0.16485651, y: 0.09840083, z: 0.0871254}
  m_DirtyAABB: 0
--- !u!137 &13767792
SkinnedMeshRenderer:
  m_ObjectHideFlags: 1
  m_PrefabParentObject: {fileID: 0}
  m_PrefabInternal: {fileID: 100100000}
  m_GameObject: {fileID: 128304}
  m_Enabled: 1
  m_CastShadows: 1
  m_ReceiveShadows: 1
  m_Materials:
  - {fileID: 2100000, guid: bf7a1195caf7d4b32aa7e4d4bb245b27, type: 2}
  m_SubsetIndices: 
  m_StaticBatchRoot: {fileID: 0}
  m_UseLightProbes: 1
  m_ReflectionProbeUsage: 1
  m_ProbeAnchor: {fileID: 0}
  m_ScaleInLightmap: 1
  m_PreserveUVs: 0
  m_IgnoreNormalsForChartDetection: 0
  m_ImportantGI: 0
  m_MinimumChartSize: 4
  m_AutoUVMaxDistance: 0.5
  m_AutoUVMaxAngle: 89
  m_LightmapParameters: {fileID: 0}
  m_SortingLayerID: 0
  m_SortingOrder: 0
  serializedVersion: 2
  m_Quality: 0
  m_UpdateWhenOffscreen: 0
  m_Mesh: {fileID: 4300006, guid: e35e910538f04410fadfb0144dc50b6a, type: 3}
  m_Bones:
  - {fileID: 444978}
  - {fileID: 448750}
  - {fileID: 486918}
  - {fileID: 454298}
  - {fileID: 435760}
  - {fileID: 485992}
  - {fileID: 486938}
  - {fileID: 432084}
  - {fileID: 465160}
  - {fileID: 484188}
  - {fileID: 401250}
  - {fileID: 430354}
  - {fileID: 455188}
  - {fileID: 417014}
  - {fileID: 404516}
  - {fileID: 415778}
  m_BlendShapeWeights: []
  m_RootBone: {fileID: 444978}
  m_AABB:
    m_Center: {x: -0.094624825, y: -0.009229757, z: 0.040388457}
    m_Extent: {x: 0.16175976, y: 0.06903266, z: 0.0815164}
  m_DirtyAABB: 0
--- !u!137 &13797400
SkinnedMeshRenderer:
  m_ObjectHideFlags: 1
  m_PrefabParentObject: {fileID: 0}
  m_PrefabInternal: {fileID: 100100000}
  m_GameObject: {fileID: 145950}
  m_Enabled: 1
  m_CastShadows: 1
  m_ReceiveShadows: 1
  m_Materials:
  - {fileID: 2100000, guid: ee365cca484c64c01a51598a5110780d, type: 2}
  m_SubsetIndices: 
  m_StaticBatchRoot: {fileID: 0}
  m_UseLightProbes: 1
  m_ReflectionProbeUsage: 1
  m_ProbeAnchor: {fileID: 0}
  m_ScaleInLightmap: 1
  m_PreserveUVs: 0
  m_IgnoreNormalsForChartDetection: 0
  m_ImportantGI: 0
  m_MinimumChartSize: 4
  m_AutoUVMaxDistance: 0.5
  m_AutoUVMaxAngle: 89
  m_LightmapParameters: {fileID: 0}
  m_SortingLayerID: 0
  m_SortingOrder: 0
  serializedVersion: 2
  m_Quality: 0
  m_UpdateWhenOffscreen: 0
  m_Mesh: {fileID: 4300008, guid: e35e910538f04410fadfb0144dc50b6a, type: 3}
  m_Bones:
  - {fileID: 489638}
  - {fileID: 485992}
  - {fileID: 477960}
  m_BlendShapeWeights: []
  m_RootBone: {fileID: 485992}
  m_AABB:
    m_Center: {x: -0.05522508, y: -0.00045624375, z: 0.031407505}
    m_Extent: {x: 0.005692059, y: 0.030850481, z: 0.0050950646}
  m_DirtyAABB: 0
--- !u!1001 &100100000
Prefab:
  m_ObjectHideFlags: 1
  serializedVersion: 2
  m_Modification:
    m_TransformParent: {fileID: 0}
    m_Modifications: []
    m_RemovedComponents: []
  m_ParentPrefab: {fileID: 0}
  m_RootGameObject: {fileID: 148966}
  m_IsPrefabParent: 1
