%YAML 1.1
%TAG !u! tag:unity3d.com,2011:
--- !u!1 &100206
GameObject:
  m_ObjectHideFlags: 1
  m_PrefabParentObject: {fileID: 0}
  m_PrefabInternal: {fileID: 100100000}
  serializedVersion: 4
  m_Component:
  - 4: {fileID: 489056}
  m_Layer: 0
  m_Name: RightHand
  m_TagString: Untagged
  m_Icon: {fileID: 0}
  m_NavMeshLayer: 0
  m_StaticEditorFlags: 0
  m_IsActive: 1
--- !u!1 &102312
GameObject:
  m_ObjectHideFlags: 1
  m_PrefabParentObject: {fileID: 0}
  m_PrefabInternal: {fileID: 100100000}
  serializedVersion: 4
  m_Component:
  - 4: {fileID: 472412}
  m_Layer: 0
  m_Name: Nose
  m_TagString: Untagged
  m_Icon: {fileID: 0}
  m_NavMeshLayer: 0
  m_StaticEditorFlags: 0
  m_IsActive: 1
--- !u!1 &102630
GameObject:
  m_ObjectHideFlags: 1
  m_PrefabParentObject: {fileID: 0}
  m_PrefabInternal: {fileID: 100100000}
  serializedVersion: 4
  m_Component:
  - 4: {fileID: 476584}
  m_Layer: 0
  m_Name: LeftHandIndex3
  m_TagString: Untagged
  m_Icon: {fileID: 0}
  m_NavMeshLayer: 0
  m_StaticEditorFlags: 0
  m_IsActive: 1
--- !u!1 &103460
GameObject:
  m_ObjectHideFlags: 1
  m_PrefabParentObject: {fileID: 0}
  m_PrefabInternal: {fileID: 100100000}
  serializedVersion: 4
  m_Component:
  - 4: {fileID: 439228}
  m_Layer: 0
  m_Name: LeftForeArm
  m_TagString: Untagged
  m_Icon: {fileID: 0}
  m_NavMeshLayer: 0
  m_StaticEditorFlags: 0
  m_IsActive: 1
--- !u!1 &103584
GameObject:
  m_ObjectHideFlags: 1
  m_PrefabParentObject: {fileID: 0}
  m_PrefabInternal: {fileID: 100100000}
  serializedVersion: 4
  m_Component:
  - 4: {fileID: 476712}
  m_Layer: 0
  m_Name: LeftHandRing1
  m_TagString: Untagged
  m_Icon: {fileID: 0}
  m_NavMeshLayer: 0
  m_StaticEditorFlags: 0
  m_IsActive: 1
--- !u!1 &104156
GameObject:
  m_ObjectHideFlags: 1
  m_PrefabParentObject: {fileID: 0}
  m_PrefabInternal: {fileID: 100100000}
  serializedVersion: 4
  m_Component:
  - 4: {fileID: 486028}
  m_Layer: 0
  m_Name: Bone011(mirrored)
  m_TagString: Untagged
  m_Icon: {fileID: 0}
  m_NavMeshLayer: 0
  m_StaticEditorFlags: 0
  m_IsActive: 1
--- !u!1 &104246
GameObject:
  m_ObjectHideFlags: 1
  m_PrefabParentObject: {fileID: 0}
  m_PrefabInternal: {fileID: 100100000}
  serializedVersion: 4
  m_Component:
  - 4: {fileID: 463066}
  m_Layer: 0
  m_Name: LeftHandRing2
  m_TagString: Untagged
  m_Icon: {fileID: 0}
  m_NavMeshLayer: 0
  m_StaticEditorFlags: 0
  m_IsActive: 1
--- !u!1 &108824
GameObject:
  m_ObjectHideFlags: 1
  m_PrefabParentObject: {fileID: 0}
  m_PrefabInternal: {fileID: 100100000}
  serializedVersion: 4
  m_Component:
  - 4: {fileID: 404328}
  m_Layer: 0
  m_Name: LeftHandThumb1
  m_TagString: Untagged
  m_Icon: {fileID: 0}
  m_NavMeshLayer: 0
  m_StaticEditorFlags: 0
  m_IsActive: 1
--- !u!1 &109176
GameObject:
  m_ObjectHideFlags: 1
  m_PrefabParentObject: {fileID: 0}
  m_PrefabInternal: {fileID: 100100000}
  serializedVersion: 4
  m_Component:
  - 4: {fileID: 404228}
  m_Layer: 0
  m_Name: Bone046(mirrored)
  m_TagString: Untagged
  m_Icon: {fileID: 0}
  m_NavMeshLayer: 0
  m_StaticEditorFlags: 0
  m_IsActive: 1
--- !u!1 &110576
GameObject:
  m_ObjectHideFlags: 1
  m_PrefabParentObject: {fileID: 0}
  m_PrefabInternal: {fileID: 100100000}
  serializedVersion: 4
  m_Component:
  - 4: {fileID: 432646}
  m_Layer: 0
  m_Name: LeftHandThumb3
  m_TagString: Untagged
  m_Icon: {fileID: 0}
  m_NavMeshLayer: 0
  m_StaticEditorFlags: 0
  m_IsActive: 1
--- !u!1 &113356
GameObject:
  m_ObjectHideFlags: 0
  m_PrefabParentObject: {fileID: 0}
  m_PrefabInternal: {fileID: 100100000}
  serializedVersion: 4
  m_Component:
  - 4: {fileID: 466652}
  - 137: {fileID: 13722256}
  m_Layer: 0
  m_Name: krakadil3
  m_TagString: Untagged
  m_Icon: {fileID: 0}
  m_NavMeshLayer: 0
  m_StaticEditorFlags: 0
  m_IsActive: 1
--- !u!1 &113638
GameObject:
  m_ObjectHideFlags: 1
  m_PrefabParentObject: {fileID: 0}
  m_PrefabInternal: {fileID: 100100000}
  serializedVersion: 4
  m_Component:
  - 4: {fileID: 432856}
  m_Layer: 0
  m_Name: LeftShoulder
  m_TagString: Untagged
  m_Icon: {fileID: 0}
  m_NavMeshLayer: 0
  m_StaticEditorFlags: 0
  m_IsActive: 1
--- !u!1 &113942
GameObject:
  m_ObjectHideFlags: 1
  m_PrefabParentObject: {fileID: 0}
  m_PrefabInternal: {fileID: 100100000}
  serializedVersion: 4
  m_Component:
  - 4: {fileID: 420122}
  m_Layer: 0
  m_Name: RightShoulder
  m_TagString: Untagged
  m_Icon: {fileID: 0}
  m_NavMeshLayer: 0
  m_StaticEditorFlags: 0
  m_IsActive: 1
--- !u!1 &114810
GameObject:
  m_ObjectHideFlags: 1
  m_PrefabParentObject: {fileID: 0}
  m_PrefabInternal: {fileID: 100100000}
  serializedVersion: 4
  m_Component:
  - 4: {fileID: 460270}
  m_Layer: 0
  m_Name: Bone048
  m_TagString: Untagged
  m_Icon: {fileID: 0}
  m_NavMeshLayer: 0
  m_StaticEditorFlags: 0
  m_IsActive: 1
--- !u!1 &115570
GameObject:
  m_ObjectHideFlags: 1
  m_PrefabParentObject: {fileID: 0}
  m_PrefabInternal: {fileID: 100100000}
  serializedVersion: 4
  m_Component:
  - 4: {fileID: 409274}
  m_Layer: 0
  m_Name: RightUpLeg
  m_TagString: Untagged
  m_Icon: {fileID: 0}
  m_NavMeshLayer: 0
  m_StaticEditorFlags: 0
  m_IsActive: 1
--- !u!1 &115854
GameObject:
  m_ObjectHideFlags: 1
  m_PrefabParentObject: {fileID: 0}
  m_PrefabInternal: {fileID: 100100000}
  serializedVersion: 4
  m_Component:
  - 4: {fileID: 435414}
  m_Layer: 0
  m_Name: RightFoot
  m_TagString: Untagged
  m_Icon: {fileID: 0}
  m_NavMeshLayer: 0
  m_StaticEditorFlags: 0
  m_IsActive: 1
--- !u!1 &115968
GameObject:
  m_ObjectHideFlags: 1
  m_PrefabParentObject: {fileID: 0}
  m_PrefabInternal: {fileID: 100100000}
  serializedVersion: 4
  m_Component:
  - 4: {fileID: 455450}
  m_Layer: 0
  m_Name: LeftHandThumb2
  m_TagString: Untagged
  m_Icon: {fileID: 0}
  m_NavMeshLayer: 0
  m_StaticEditorFlags: 0
  m_IsActive: 1
--- !u!1 &118032
GameObject:
  m_ObjectHideFlags: 1
  m_PrefabParentObject: {fileID: 0}
  m_PrefabInternal: {fileID: 100100000}
  serializedVersion: 4
  m_Component:
  - 4: {fileID: 471206}
  m_Layer: 0
  m_Name: RightHandIndex2
  m_TagString: Untagged
  m_Icon: {fileID: 0}
  m_NavMeshLayer: 0
  m_StaticEditorFlags: 0
  m_IsActive: 1
--- !u!1 &119376
GameObject:
  m_ObjectHideFlags: 0
  m_PrefabParentObject: {fileID: 0}
  m_PrefabInternal: {fileID: 100100000}
  serializedVersion: 4
  m_Component:
  - 4: {fileID: 433202}
  - 137: {fileID: 13777806}
  m_Layer: 0
  m_Name: Box001
  m_TagString: Untagged
  m_Icon: {fileID: 0}
  m_NavMeshLayer: 0
  m_StaticEditorFlags: 0
  m_IsActive: 0
--- !u!1 &121060
GameObject:
  m_ObjectHideFlags: 1
  m_PrefabParentObject: {fileID: 0}
  m_PrefabInternal: {fileID: 100100000}
  serializedVersion: 4
  m_Component:
  - 4: {fileID: 454434}
  m_Layer: 0
  m_Name: LeftUpperEyelid
  m_TagString: Untagged
  m_Icon: {fileID: 0}
  m_NavMeshLayer: 0
  m_StaticEditorFlags: 0
  m_IsActive: 1
--- !u!1 &121082
GameObject:
  m_ObjectHideFlags: 1
  m_PrefabParentObject: {fileID: 0}
  m_PrefabInternal: {fileID: 100100000}
  serializedVersion: 4
  m_Component:
  - 4: {fileID: 457548}
  m_Layer: 0
  m_Name: RightHandPinky2
  m_TagString: Untagged
  m_Icon: {fileID: 0}
  m_NavMeshLayer: 0
  m_StaticEditorFlags: 0
  m_IsActive: 1
--- !u!1 &121142
GameObject:
  m_ObjectHideFlags: 1
  m_PrefabParentObject: {fileID: 0}
  m_PrefabInternal: {fileID: 100100000}
  serializedVersion: 4
  m_Component:
  - 4: {fileID: 472932}
  m_Layer: 0
  m_Name: Bone048(mirrored)
  m_TagString: Untagged
  m_Icon: {fileID: 0}
  m_NavMeshLayer: 0
  m_StaticEditorFlags: 0
  m_IsActive: 1
--- !u!1 &122818
GameObject:
  m_ObjectHideFlags: 1
  m_PrefabParentObject: {fileID: 0}
  m_PrefabInternal: {fileID: 100100000}
  serializedVersion: 4
  m_Component:
  - 4: {fileID: 470260}
  m_Layer: 0
  m_Name: RightHandIndex3
  m_TagString: Untagged
  m_Icon: {fileID: 0}
  m_NavMeshLayer: 0
  m_StaticEditorFlags: 0
  m_IsActive: 1
--- !u!1 &123200
GameObject:
  m_ObjectHideFlags: 1
  m_PrefabParentObject: {fileID: 0}
  m_PrefabInternal: {fileID: 100100000}
  serializedVersion: 4
  m_Component:
  - 4: {fileID: 417076}
  m_Layer: 0
  m_Name: LeftHand
  m_TagString: Untagged
  m_Icon: {fileID: 0}
  m_NavMeshLayer: 0
  m_StaticEditorFlags: 0
  m_IsActive: 1
--- !u!1 &124630
GameObject:
  m_ObjectHideFlags: 1
  m_PrefabParentObject: {fileID: 0}
  m_PrefabInternal: {fileID: 100100000}
  serializedVersion: 4
  m_Component:
  - 4: {fileID: 493636}
  m_Layer: 0
  m_Name: Tail1
  m_TagString: Untagged
  m_Icon: {fileID: 0}
  m_NavMeshLayer: 0
  m_StaticEditorFlags: 0
  m_IsActive: 1
--- !u!1 &126246
GameObject:
  m_ObjectHideFlags: 1
  m_PrefabParentObject: {fileID: 0}
  m_PrefabInternal: {fileID: 100100000}
  serializedVersion: 4
  m_Component:
  - 4: {fileID: 463190}
  m_Layer: 0
  m_Name: Bone046
  m_TagString: Untagged
  m_Icon: {fileID: 0}
  m_NavMeshLayer: 0
  m_StaticEditorFlags: 0
  m_IsActive: 1
--- !u!1 &126710
GameObject:
  m_ObjectHideFlags: 0
  m_PrefabParentObject: {fileID: 0}
  m_PrefabInternal: {fileID: 100100000}
  serializedVersion: 4
  m_Component:
  - 4: {fileID: 410472}
  m_Layer: 0
  m_Name: Hips
  m_TagString: Untagged
  m_Icon: {fileID: 0}
  m_NavMeshLayer: 0
  m_StaticEditorFlags: 0
  m_IsActive: 1
--- !u!1 &127844
GameObject:
  m_ObjectHideFlags: 1
  m_PrefabParentObject: {fileID: 0}
  m_PrefabInternal: {fileID: 100100000}
  serializedVersion: 4
  m_Component:
  - 4: {fileID: 417162}
  m_Layer: 0
  m_Name: RightHandIndex1
  m_TagString: Untagged
  m_Icon: {fileID: 0}
  m_NavMeshLayer: 0
  m_StaticEditorFlags: 0
  m_IsActive: 1
--- !u!1 &129288
GameObject:
  m_ObjectHideFlags: 1
  m_PrefabParentObject: {fileID: 0}
  m_PrefabInternal: {fileID: 100100000}
  serializedVersion: 4
  m_Component:
  - 4: {fileID: 431852}
  m_Layer: 0
  m_Name: Bone011
  m_TagString: Untagged
  m_Icon: {fileID: 0}
  m_NavMeshLayer: 0
  m_StaticEditorFlags: 0
  m_IsActive: 1
--- !u!1 &130836
GameObject:
  m_ObjectHideFlags: 1
  m_PrefabParentObject: {fileID: 0}
  m_PrefabInternal: {fileID: 100100000}
  serializedVersion: 4
  m_Component:
  - 4: {fileID: 466844}
  m_Layer: 0
  m_Name: LeftHandPinky3
  m_TagString: Untagged
  m_Icon: {fileID: 0}
  m_NavMeshLayer: 0
  m_StaticEditorFlags: 0
  m_IsActive: 1
--- !u!1 &131692
GameObject:
  m_ObjectHideFlags: 1
  m_PrefabParentObject: {fileID: 0}
  m_PrefabInternal: {fileID: 100100000}
  serializedVersion: 4
  m_Component:
  - 4: {fileID: 476594}
  m_Layer: 0
  m_Name: LeftToeBase
  m_TagString: Untagged
  m_Icon: {fileID: 0}
  m_NavMeshLayer: 0
  m_StaticEditorFlags: 0
  m_IsActive: 1
--- !u!1 &133584
GameObject:
  m_ObjectHideFlags: 0
  m_PrefabParentObject: {fileID: 0}
  m_PrefabInternal: {fileID: 100100000}
  serializedVersion: 4
  m_Component:
  - 4: {fileID: 456176}
  - 137: {fileID: 13718932}
  m_Layer: 0
  m_Name: krakadil1
  m_TagString: Untagged
  m_Icon: {fileID: 0}
  m_NavMeshLayer: 0
  m_StaticEditorFlags: 0
  m_IsActive: 0
--- !u!1 &137424
GameObject:
  m_ObjectHideFlags: 1
  m_PrefabParentObject: {fileID: 0}
  m_PrefabInternal: {fileID: 100100000}
  serializedVersion: 4
  m_Component:
  - 4: {fileID: 470122}
  m_Layer: 0
  m_Name: RightHandThumb3
  m_TagString: Untagged
  m_Icon: {fileID: 0}
  m_NavMeshLayer: 0
  m_StaticEditorFlags: 0
  m_IsActive: 1
--- !u!1 &138126
GameObject:
  m_ObjectHideFlags: 1
  m_PrefabParentObject: {fileID: 0}
  m_PrefabInternal: {fileID: 100100000}
  serializedVersion: 4
  m_Component:
  - 4: {fileID: 422128}
  m_Layer: 0
  m_Name: LeftLowerEyelid
  m_TagString: Untagged
  m_Icon: {fileID: 0}
  m_NavMeshLayer: 0
  m_StaticEditorFlags: 0
  m_IsActive: 1
--- !u!1 &138912
GameObject:
  m_ObjectHideFlags: 1
  m_PrefabParentObject: {fileID: 0}
  m_PrefabInternal: {fileID: 100100000}
  serializedVersion: 4
  m_Component:
  - 4: {fileID: 430428}
  m_Layer: 0
  m_Name: RightLeg
  m_TagString: Untagged
  m_Icon: {fileID: 0}
  m_NavMeshLayer: 0
  m_StaticEditorFlags: 0
  m_IsActive: 1
--- !u!1 &139374
GameObject:
  m_ObjectHideFlags: 0
  m_PrefabParentObject: {fileID: 0}
  m_PrefabInternal: {fileID: 100100000}
  serializedVersion: 4
  m_Component:
  - 4: {fileID: 437364}
  - 137: {fileID: 13776706}
  m_Layer: 0
  m_Name: krakadil
  m_TagString: Untagged
  m_Icon: {fileID: 0}
  m_NavMeshLayer: 0
  m_StaticEditorFlags: 0
  m_IsActive: 1
--- !u!1 &139500
GameObject:
  m_ObjectHideFlags: 1
  m_PrefabParentObject: {fileID: 0}
  m_PrefabInternal: {fileID: 100100000}
  serializedVersion: 4
  m_Component:
  - 4: {fileID: 428016}
  m_Layer: 0
  m_Name: RightForeArm
  m_TagString: Untagged
  m_Icon: {fileID: 0}
  m_NavMeshLayer: 0
  m_StaticEditorFlags: 0
  m_IsActive: 1
--- !u!1 &139712
GameObject:
  m_ObjectHideFlags: 1
  m_PrefabParentObject: {fileID: 0}
  m_PrefabInternal: {fileID: 100100000}
  serializedVersion: 4
  m_Component:
  - 4: {fileID: 480756}
  m_Layer: 0
  m_Name: RightHandThumb2
  m_TagString: Untagged
  m_Icon: {fileID: 0}
  m_NavMeshLayer: 0
  m_StaticEditorFlags: 0
  m_IsActive: 1
--- !u!1 &144312
GameObject:
  m_ObjectHideFlags: 1
  m_PrefabParentObject: {fileID: 0}
  m_PrefabInternal: {fileID: 100100000}
  serializedVersion: 4
  m_Component:
  - 4: {fileID: 445028}
  m_Layer: 0
  m_Name: Jaw
  m_TagString: Untagged
  m_Icon: {fileID: 0}
  m_NavMeshLayer: 0
  m_StaticEditorFlags: 0
  m_IsActive: 1
--- !u!1 &145298
GameObject:
  m_ObjectHideFlags: 1
  m_PrefabParentObject: {fileID: 0}
  m_PrefabInternal: {fileID: 100100000}
  serializedVersion: 4
  m_Component:
  - 4: {fileID: 444650}
  m_Layer: 0
  m_Name: RightHandRing1
  m_TagString: Untagged
  m_Icon: {fileID: 0}
  m_NavMeshLayer: 0
  m_StaticEditorFlags: 0
  m_IsActive: 1
--- !u!1 &145492
GameObject:
  m_ObjectHideFlags: 1
  m_PrefabParentObject: {fileID: 0}
  m_PrefabInternal: {fileID: 100100000}
  serializedVersion: 4
  m_Component:
  - 4: {fileID: 491614}
  m_Layer: 0
  m_Name: LeftHandIndex2
  m_TagString: Untagged
  m_Icon: {fileID: 0}
  m_NavMeshLayer: 0
  m_StaticEditorFlags: 0
  m_IsActive: 1
--- !u!1 &149166
GameObject:
  m_ObjectHideFlags: 1
  m_PrefabParentObject: {fileID: 0}
  m_PrefabInternal: {fileID: 100100000}
  serializedVersion: 4
  m_Component:
  - 4: {fileID: 430910}
  m_Layer: 0
  m_Name: Tail5
  m_TagString: Untagged
  m_Icon: {fileID: 0}
  m_NavMeshLayer: 0
  m_StaticEditorFlags: 0
  m_IsActive: 1
--- !u!1 &151526
GameObject:
  m_ObjectHideFlags: 1
  m_PrefabParentObject: {fileID: 0}
  m_PrefabInternal: {fileID: 100100000}
  serializedVersion: 4
  m_Component:
  - 4: {fileID: 400116}
  m_Layer: 0
  m_Name: RightHandPinky1
  m_TagString: Untagged
  m_Icon: {fileID: 0}
  m_NavMeshLayer: 0
  m_StaticEditorFlags: 0
  m_IsActive: 1
--- !u!1 &155090
GameObject:
  m_ObjectHideFlags: 1
  m_PrefabParentObject: {fileID: 0}
  m_PrefabInternal: {fileID: 100100000}
  serializedVersion: 4
  m_Component:
  - 4: {fileID: 427958}
  m_Layer: 0
  m_Name: LeftHandRing3
  m_TagString: Untagged
  m_Icon: {fileID: 0}
  m_NavMeshLayer: 0
  m_StaticEditorFlags: 0
  m_IsActive: 1
--- !u!1 &155592
GameObject:
  m_ObjectHideFlags: 1
  m_PrefabParentObject: {fileID: 0}
  m_PrefabInternal: {fileID: 100100000}
  serializedVersion: 4
  m_Component:
  - 4: {fileID: 489190}
  m_Layer: 0
  m_Name: LeftHandPinky2
  m_TagString: Untagged
  m_Icon: {fileID: 0}
  m_NavMeshLayer: 0
  m_StaticEditorFlags: 0
  m_IsActive: 1
--- !u!1 &156038
GameObject:
  m_ObjectHideFlags: 1
  m_PrefabParentObject: {fileID: 0}
  m_PrefabInternal: {fileID: 100100000}
  serializedVersion: 4
  m_Component:
  - 4: {fileID: 482540}
  m_Layer: 0
  m_Name: Tail2
  m_TagString: Untagged
  m_Icon: {fileID: 0}
  m_NavMeshLayer: 0
  m_StaticEditorFlags: 0
  m_IsActive: 1
--- !u!1 &156526
GameObject:
  m_ObjectHideFlags: 1
  m_PrefabParentObject: {fileID: 0}
  m_PrefabInternal: {fileID: 100100000}
  serializedVersion: 4
  m_Component:
  - 4: {fileID: 483292}
  m_Layer: 0
  m_Name: LeftUpLeg
  m_TagString: Untagged
  m_Icon: {fileID: 0}
  m_NavMeshLayer: 0
  m_StaticEditorFlags: 0
  m_IsActive: 1
--- !u!1 &159800
GameObject:
  m_ObjectHideFlags: 1
  m_PrefabParentObject: {fileID: 0}
  m_PrefabInternal: {fileID: 100100000}
  serializedVersion: 4
  m_Component:
  - 4: {fileID: 407456}
  m_Layer: 0
  m_Name: RightHandPinky3
  m_TagString: Untagged
  m_Icon: {fileID: 0}
  m_NavMeshLayer: 0
  m_StaticEditorFlags: 0
  m_IsActive: 1
--- !u!1 &163936
GameObject:
  m_ObjectHideFlags: 1
  m_PrefabParentObject: {fileID: 0}
  m_PrefabInternal: {fileID: 100100000}
  serializedVersion: 4
  m_Component:
  - 4: {fileID: 420938}
  m_Layer: 0
  m_Name: RightUpperEyelid
  m_TagString: Untagged
  m_Icon: {fileID: 0}
  m_NavMeshLayer: 0
  m_StaticEditorFlags: 0
  m_IsActive: 1
--- !u!1 &170820
GameObject:
  m_ObjectHideFlags: 1
  m_PrefabParentObject: {fileID: 0}
  m_PrefabInternal: {fileID: 100100000}
  serializedVersion: 4
  m_Component:
  - 4: {fileID: 408302}
  m_Layer: 0
  m_Name: Neck
  m_TagString: Untagged
  m_Icon: {fileID: 0}
  m_NavMeshLayer: 0
  m_StaticEditorFlags: 0
  m_IsActive: 1
--- !u!1 &171254
GameObject:
  m_ObjectHideFlags: 1
  m_PrefabParentObject: {fileID: 0}
  m_PrefabInternal: {fileID: 100100000}
  serializedVersion: 4
  m_Component:
  - 4: {fileID: 415978}
  m_Layer: 0
  m_Name: Head
  m_TagString: Untagged
  m_Icon: {fileID: 0}
  m_NavMeshLayer: 0
  m_StaticEditorFlags: 0
  m_IsActive: 1
--- !u!1 &172024
GameObject:
  m_ObjectHideFlags: 1
  m_PrefabParentObject: {fileID: 0}
  m_PrefabInternal: {fileID: 100100000}
  serializedVersion: 4
  m_Component:
  - 4: {fileID: 428786}
  m_Layer: 0
  m_Name: LeftHandPinky1
  m_TagString: Untagged
  m_Icon: {fileID: 0}
  m_NavMeshLayer: 0
  m_StaticEditorFlags: 0
  m_IsActive: 1
--- !u!1 &175718
GameObject:
  m_ObjectHideFlags: 1
  m_PrefabParentObject: {fileID: 0}
  m_PrefabInternal: {fileID: 100100000}
  serializedVersion: 4
  m_Component:
  - 4: {fileID: 491222}
  m_Layer: 0
  m_Name: RightToeBase
  m_TagString: Untagged
  m_Icon: {fileID: 0}
  m_NavMeshLayer: 0
  m_StaticEditorFlags: 0
  m_IsActive: 1
--- !u!1 &176346
GameObject:
  m_ObjectHideFlags: 1
  m_PrefabParentObject: {fileID: 0}
  m_PrefabInternal: {fileID: 100100000}
  serializedVersion: 4
  m_Component:
  - 4: {fileID: 430522}
  m_Layer: 0
  m_Name: RightLowerEyelid
  m_TagString: Untagged
  m_Icon: {fileID: 0}
  m_NavMeshLayer: 0
  m_StaticEditorFlags: 0
  m_IsActive: 1
--- !u!1 &179746
GameObject:
  m_ObjectHideFlags: 1
  m_PrefabParentObject: {fileID: 0}
  m_PrefabInternal: {fileID: 100100000}
  serializedVersion: 4
  m_Component:
  - 4: {fileID: 422168}
  m_Layer: 0
  m_Name: RightHandThumb1
  m_TagString: Untagged
  m_Icon: {fileID: 0}
  m_NavMeshLayer: 0
  m_StaticEditorFlags: 0
  m_IsActive: 1
--- !u!1 &179790
GameObject:
  m_ObjectHideFlags: 1
  m_PrefabParentObject: {fileID: 0}
  m_PrefabInternal: {fileID: 100100000}
  serializedVersion: 4
  m_Component:
  - 4: {fileID: 413056}
  m_Layer: 0
  m_Name: RightHandRing2
  m_TagString: Untagged
  m_Icon: {fileID: 0}
  m_NavMeshLayer: 0
  m_StaticEditorFlags: 0
  m_IsActive: 1
--- !u!1 &181988
GameObject:
  m_ObjectHideFlags: 1
  m_PrefabParentObject: {fileID: 0}
  m_PrefabInternal: {fileID: 100100000}
  serializedVersion: 4
  m_Component:
  - 4: {fileID: 493902}
  m_Layer: 0
  m_Name: Bone028(mirrored)
  m_TagString: Untagged
  m_Icon: {fileID: 0}
  m_NavMeshLayer: 0
  m_StaticEditorFlags: 0
  m_IsActive: 1
--- !u!1 &182766
GameObject:
  m_ObjectHideFlags: 1
  m_PrefabParentObject: {fileID: 0}
  m_PrefabInternal: {fileID: 100100000}
  serializedVersion: 4
  m_Component:
  - 4: {fileID: 435336}
  m_Layer: 0
  m_Name: RightHandRing3
  m_TagString: Untagged
  m_Icon: {fileID: 0}
  m_NavMeshLayer: 0
  m_StaticEditorFlags: 0
  m_IsActive: 1
--- !u!1 &183570
GameObject:
  m_ObjectHideFlags: 1
  m_PrefabParentObject: {fileID: 0}
  m_PrefabInternal: {fileID: 100100000}
  serializedVersion: 4
  m_Component:
  - 4: {fileID: 411930}
  m_Layer: 0
  m_Name: Bone028
  m_TagString: Untagged
  m_Icon: {fileID: 0}
  m_NavMeshLayer: 0
  m_StaticEditorFlags: 0
  m_IsActive: 1
--- !u!1 &186082
GameObject:
  m_ObjectHideFlags: 1
  m_PrefabParentObject: {fileID: 0}
  m_PrefabInternal: {fileID: 100100000}
  serializedVersion: 4
  m_Component:
  - 4: {fileID: 487922}
  m_Layer: 0
  m_Name: Tail4
  m_TagString: Untagged
  m_Icon: {fileID: 0}
  m_NavMeshLayer: 0
  m_StaticEditorFlags: 0
  m_IsActive: 1
--- !u!1 &186690
GameObject:
  m_ObjectHideFlags: 1
  m_PrefabParentObject: {fileID: 0}
  m_PrefabInternal: {fileID: 100100000}
  serializedVersion: 4
  m_Component:
  - 4: {fileID: 402090}
  m_Layer: 0
  m_Name: Bone006
  m_TagString: Untagged
  m_Icon: {fileID: 0}
  m_NavMeshLayer: 0
  m_StaticEditorFlags: 0
  m_IsActive: 1
--- !u!1 &188558
GameObject:
  m_ObjectHideFlags: 1
  m_PrefabParentObject: {fileID: 0}
  m_PrefabInternal: {fileID: 100100000}
  serializedVersion: 4
  m_Component:
  - 4: {fileID: 412650}
  m_Layer: 0
  m_Name: Bone043
  m_TagString: Untagged
  m_Icon: {fileID: 0}
  m_NavMeshLayer: 0
  m_StaticEditorFlags: 0
  m_IsActive: 1
--- !u!1 &189708
GameObject:
  m_ObjectHideFlags: 1
  m_PrefabParentObject: {fileID: 0}
  m_PrefabInternal: {fileID: 100100000}
  serializedVersion: 4
  m_Component:
  - 4: {fileID: 415676}
  m_Layer: 0
  m_Name: LeftLeg
  m_TagString: Untagged
  m_Icon: {fileID: 0}
  m_NavMeshLayer: 0
  m_StaticEditorFlags: 0
  m_IsActive: 1
--- !u!1 &190276
GameObject:
  m_ObjectHideFlags: 1
  m_PrefabParentObject: {fileID: 0}
  m_PrefabInternal: {fileID: 100100000}
  serializedVersion: 4
  m_Component:
  - 4: {fileID: 499952}
  m_Layer: 0
  m_Name: Spine
  m_TagString: Untagged
  m_Icon: {fileID: 0}
  m_NavMeshLayer: 0
  m_StaticEditorFlags: 0
  m_IsActive: 1
--- !u!1 &191594
GameObject:
  m_ObjectHideFlags: 1
  m_PrefabParentObject: {fileID: 0}
  m_PrefabInternal: {fileID: 100100000}
  serializedVersion: 4
  m_Component:
  - 4: {fileID: 463272}
  m_Layer: 0
  m_Name: RightArm
  m_TagString: Untagged
  m_Icon: {fileID: 0}
  m_NavMeshLayer: 0
  m_StaticEditorFlags: 0
  m_IsActive: 1
--- !u!1 &192940
GameObject:
  m_ObjectHideFlags: 1
  m_PrefabParentObject: {fileID: 0}
  m_PrefabInternal: {fileID: 100100000}
  serializedVersion: 4
  m_Component:
  - 4: {fileID: 400338}
  m_Layer: 0
  m_Name: LeftArm
  m_TagString: Untagged
  m_Icon: {fileID: 0}
  m_NavMeshLayer: 0
  m_StaticEditorFlags: 0
  m_IsActive: 1
--- !u!1 &196558
GameObject:
  m_ObjectHideFlags: 1
  m_PrefabParentObject: {fileID: 0}
  m_PrefabInternal: {fileID: 100100000}
  serializedVersion: 4
  m_Component:
  - 4: {fileID: 433578}
  m_Layer: 0
  m_Name: Tail3
  m_TagString: Untagged
  m_Icon: {fileID: 0}
  m_NavMeshLayer: 0
  m_StaticEditorFlags: 0
  m_IsActive: 1
--- !u!1 &197138
GameObject:
  m_ObjectHideFlags: 1
  m_PrefabParentObject: {fileID: 0}
  m_PrefabInternal: {fileID: 100100000}
  serializedVersion: 4
  m_Component:
  - 4: {fileID: 450350}
  m_Layer: 0
  m_Name: Spine1
  m_TagString: Untagged
  m_Icon: {fileID: 0}
  m_NavMeshLayer: 0
  m_StaticEditorFlags: 0
  m_IsActive: 1
--- !u!1 &197638
GameObject:
  m_ObjectHideFlags: 1
  m_PrefabParentObject: {fileID: 0}
  m_PrefabInternal: {fileID: 100100000}
  serializedVersion: 4
  m_Component:
  - 4: {fileID: 484010}
  m_Layer: 0
  m_Name: LeftFoot
  m_TagString: Untagged
  m_Icon: {fileID: 0}
  m_NavMeshLayer: 0
  m_StaticEditorFlags: 0
  m_IsActive: 1
--- !u!1 &199806
GameObject:
  m_ObjectHideFlags: 0
  m_PrefabParentObject: {fileID: 0}
  m_PrefabInternal: {fileID: 100100000}
  serializedVersion: 4
  m_Component:
  - 4: {fileID: 413292}
  - 111: {fileID: 11171476}
  m_Layer: 0
  m_Name: Crocodile3
  m_TagString: Untagged
  m_Icon: {fileID: 0}
  m_NavMeshLayer: 0
  m_StaticEditorFlags: 0
  m_IsActive: 1
--- !u!1 &199970
GameObject:
  m_ObjectHideFlags: 1
  m_PrefabParentObject: {fileID: 0}
  m_PrefabInternal: {fileID: 100100000}
  serializedVersion: 4
  m_Component:
  - 4: {fileID: 434576}
  m_Layer: 0
  m_Name: LeftHandIndex1
  m_TagString: Untagged
  m_Icon: {fileID: 0}
  m_NavMeshLayer: 0
  m_StaticEditorFlags: 0
  m_IsActive: 1
--- !u!4 &400116
Transform:
  m_ObjectHideFlags: 1
  m_PrefabParentObject: {fileID: 0}
  m_PrefabInternal: {fileID: 100100000}
  m_GameObject: {fileID: 151526}
  m_LocalRotation: {x: 0.7086377, y: -0.12317163, z: 0.01572026, w: 0.69456047}
  m_LocalPosition: {x: -0.022628574, y: 0.0032880781, z: -0.009791634}
  m_LocalScale: {x: 1.0000001, y: 1, z: 1.0000001}
  m_Children:
  - {fileID: 457548}
  m_Father: {fileID: 489056}
  m_RootOrder: 2
--- !u!4 &400338
Transform:
  m_ObjectHideFlags: 1
  m_PrefabParentObject: {fileID: 0}
  m_PrefabInternal: {fileID: 100100000}
  m_GameObject: {fileID: 192940}
  m_LocalRotation: {x: -0.007471486, y: -0.043105774, z: -0.06981931, w: 0.9965999}
  m_LocalPosition: {x: -0.0370283, y: 0, z: 0}
  m_LocalScale: {x: 1.0000001, y: 1.0000001, z: 0.99999994}
  m_Children:
  - {fileID: 439228}
  m_Father: {fileID: 432856}
  m_RootOrder: 0
--- !u!4 &402090
Transform:
  m_ObjectHideFlags: 1
  m_PrefabParentObject: {fileID: 0}
  m_PrefabInternal: {fileID: 100100000}
  m_GameObject: {fileID: 186690}
  m_LocalRotation: {x: 5.456968e-12, y: 0, z: -0, w: 1}
  m_LocalPosition: {x: -0.06659821, y: -0.0000000070780515, z: 0}
  m_LocalScale: {x: 1, y: 1, z: 1}
  m_Children: []
  m_Father: {fileID: 415978}
  m_RootOrder: 0
--- !u!4 &404228
Transform:
  m_ObjectHideFlags: 1
  m_PrefabParentObject: {fileID: 0}
  m_PrefabInternal: {fileID: 100100000}
  m_GameObject: {fileID: 109176}
  m_LocalRotation: {x: 0.00000008940697, y: -0.000000014901112, z: 0.00000050663937,
    w: 1}
  m_LocalPosition: {x: -0.012057361, y: 0, z: 0.0000000011920929}
  m_LocalScale: {x: 1.0000002, y: 1, z: 1.0000001}
  m_Children: []
  m_Father: {fileID: 454434}
  m_RootOrder: 0
--- !u!4 &404328
Transform:
  m_ObjectHideFlags: 1
  m_PrefabParentObject: {fileID: 0}
  m_PrefabInternal: {fileID: 100100000}
  m_GameObject: {fileID: 108824}
  m_LocalRotation: {x: -0.648188, y: 0.09090079, z: 0.284434, w: 0.7004903}
  m_LocalPosition: {x: -0.012746487, y: -0.0025737952, z: 0.009356317}
  m_LocalScale: {x: 1.0000001, y: 1.0000004, z: 1.0000001}
  m_Children:
  - {fileID: 455450}
  m_Father: {fileID: 417076}
  m_RootOrder: 4
--- !u!4 &407456
Transform:
  m_ObjectHideFlags: 1
  m_PrefabParentObject: {fileID: 0}
  m_PrefabInternal: {fileID: 100100000}
  m_GameObject: {fileID: 159800}
  m_LocalRotation: {x: 0.0002626439, y: -0.09091874, z: 0.0029000011, w: 0.9958541}
  m_LocalPosition: {x: -0.010075397, y: 0.000000009536743, z: 0.000000019073486}
  m_LocalScale: {x: 1, y: 0.9999998, z: 1.0000001}
  m_Children: []
  m_Father: {fileID: 457548}
  m_RootOrder: 0
--- !u!4 &408302
Transform:
  m_ObjectHideFlags: 1
  m_PrefabParentObject: {fileID: 0}
  m_PrefabInternal: {fileID: 100100000}
  m_GameObject: {fileID: 170820}
  m_LocalRotation: {x: -0.0006532542, y: -0.042164333, z: 0.0008379593, w: 0.99911016}
  m_LocalPosition: {x: -0.043163422, y: -1.4901161e-10, z: 0}
  m_LocalScale: {x: 1.0000001, y: 1.0000001, z: 1}
  m_Children:
  - {fileID: 415978}
  m_Father: {fileID: 450350}
  m_RootOrder: 1
--- !u!4 &409274
Transform:
  m_ObjectHideFlags: 1
  m_PrefabParentObject: {fileID: 0}
  m_PrefabInternal: {fileID: 100100000}
  m_GameObject: {fileID: 115570}
  m_LocalRotation: {x: 0.011172181, y: 0.7469118, z: 0.6648266, w: 0.0018682271}
  m_LocalPosition: {x: -0.027270455, y: 0.026479473, z: 0.01043028}
  m_LocalScale: {x: 1, y: 0.99999976, z: 1}
  m_Children:
  - {fileID: 430428}
  m_Father: {fileID: 410472}
  m_RootOrder: 1
--- !u!4 &410472
Transform:
  m_ObjectHideFlags: 1
  m_PrefabParentObject: {fileID: 0}
  m_PrefabInternal: {fileID: 100100000}
  m_GameObject: {fileID: 126710}
  m_LocalRotation: {x: -0.092006266, y: -0.092006154, z: -0.7010955, w: 0.70109546}
  m_LocalPosition: {x: 0.000520524, y: 0.05616614, z: 0.005008243}
  m_LocalScale: {x: 1, y: 1, z: 1}
  m_Children:
  - {fileID: 483292}
  - {fileID: 409274}
  - {fileID: 499952}
  - {fileID: 493636}
  m_Father: {fileID: 413292}
  m_RootOrder: 1
--- !u!4 &411930
Transform:
  m_ObjectHideFlags: 1
  m_PrefabParentObject: {fileID: 0}
  m_PrefabInternal: {fileID: 100100000}
  m_GameObject: {fileID: 183570}
  m_LocalRotation: {x: -0.0000000018626454, y: -0.000000002968591, z: -1.1641534e-10,
    w: 1}
  m_LocalPosition: {x: -0.025012342, y: 0, z: 0}
  m_LocalScale: {x: 1, y: 1, z: 1}
  m_Children: []
  m_Father: {fileID: 491222}
  m_RootOrder: 0
--- !u!4 &412650
Transform:
  m_ObjectHideFlags: 1
  m_PrefabParentObject: {fileID: 0}
  m_PrefabInternal: {fileID: 100100000}
  m_GameObject: {fileID: 188558}
  m_LocalRotation: {x: -7.2759567e-12, y: 1.8189892e-12, z: 0.0000000074505797, w: 1}
  m_LocalPosition: {x: -0.035227418, y: 0.000000038146972, z: -0.0000000040419397}
  m_LocalScale: {x: 1, y: 1, z: 1}
  m_Children: []
  m_Father: {fileID: 445028}
  m_RootOrder: 0
--- !u!4 &413056
Transform:
  m_ObjectHideFlags: 1
  m_PrefabParentObject: {fileID: 0}
  m_PrefabInternal: {fileID: 100100000}
  m_GameObject: {fileID: 179790}
  m_LocalRotation: {x: 0.0007862578, y: -0.11686276, z: 0.0066817813, w: 0.9931253}
  m_LocalPosition: {x: -0.009950771, y: -5.9604643e-10, z: 0}
  m_LocalScale: {x: 1.0000001, y: 1.0000001, z: 1}
  m_Children:
  - {fileID: 435336}
  m_Father: {fileID: 444650}
  m_RootOrder: 0
--- !u!4 &413292
Transform:
  m_ObjectHideFlags: 1
  m_PrefabParentObject: {fileID: 0}
  m_PrefabInternal: {fileID: 100100000}
  m_GameObject: {fileID: 199806}
  m_LocalRotation: {x: 0, y: 0, z: 0, w: 1}
  m_LocalPosition: {x: 0.28, y: 0, z: -0.53}
  m_LocalScale: {x: 1, y: 1, z: 1}
  m_Children:
  - {fileID: 433202}
  - {fileID: 410472}
  - {fileID: 437364}
  - {fileID: 456176}
  - {fileID: 466652}
  m_Father: {fileID: 0}
  m_RootOrder: 0
--- !u!4 &415676
Transform:
  m_ObjectHideFlags: 1
  m_PrefabParentObject: {fileID: 0}
  m_PrefabInternal: {fileID: 100100000}
  m_GameObject: {fileID: 189708}
  m_LocalRotation: {x: 0.000000075676724, y: -0.0000001739287, z: -0.51622206, w: 0.8564548}
  m_LocalPosition: {x: -0.037628036, y: 0.000000009536743, z: -0.0000000047683715}
  m_LocalScale: {x: 0.9999999, y: 1.0000001, z: 1}
  m_Children:
  - {fileID: 484010}
  m_Father: {fileID: 483292}
  m_RootOrder: 0
--- !u!4 &415978
Transform:
  m_ObjectHideFlags: 1
  m_PrefabParentObject: {fileID: 0}
  m_PrefabInternal: {fileID: 100100000}
  m_GameObject: {fileID: 171254}
  m_LocalRotation: {x: -0.0009087502, y: -0.077251665, z: -0.000070412854, w: 0.99701124}
  m_LocalPosition: {x: -0.0296348, y: -7.4505804e-11, z: 0.0000000011920929}
  m_LocalScale: {x: 0.99999994, y: 0.99999994, z: 1}
  m_Children:
  - {fileID: 402090}
  - {fileID: 445028}
  - {fileID: 422128}
  - {fileID: 454434}
  - {fileID: 472412}
  - {fileID: 430522}
  - {fileID: 420938}
  m_Father: {fileID: 408302}
  m_RootOrder: 0
--- !u!4 &417076
Transform:
  m_ObjectHideFlags: 1
  m_PrefabParentObject: {fileID: 0}
  m_PrefabInternal: {fileID: 100100000}
  m_GameObject: {fileID: 123200}
  m_LocalRotation: {x: -0.000000009825877, y: -0.00000081765046, z: -0.01884921, w: 0.9998223}
  m_LocalPosition: {x: -0.031656485, y: -0.000000019073486, z: 0.000000035762785}
  m_LocalScale: {x: 0.9999999, y: 0.9999999, z: 0.9999997}
  m_Children:
  - {fileID: 486028}
  - {fileID: 434576}
  - {fileID: 428786}
  - {fileID: 476712}
  - {fileID: 404328}
  m_Father: {fileID: 439228}
  m_RootOrder: 0
--- !u!4 &417162
Transform:
  m_ObjectHideFlags: 1
  m_PrefabParentObject: {fileID: 0}
  m_PrefabInternal: {fileID: 100100000}
  m_GameObject: {fileID: 127844}
  m_LocalRotation: {x: 0.7077353, y: -0.07512951, z: -0.007271849, w: 0.70243394}
  m_LocalPosition: {x: -0.021093663, y: 0.0033477782, z: 0.0061667645}
  m_LocalScale: {x: 1, y: 1, z: 1}
  m_Children:
  - {fileID: 471206}
  m_Father: {fileID: 489056}
  m_RootOrder: 1
--- !u!4 &420122
Transform:
  m_ObjectHideFlags: 1
  m_PrefabParentObject: {fileID: 0}
  m_PrefabInternal: {fileID: 100100000}
  m_GameObject: {fileID: 113942}
  m_LocalRotation: {x: 0.078269474, y: -0.06255222, z: -0.76517063, w: 0.63598347}
  m_LocalPosition: {x: -0.043163422, y: 0.0000000059232113, z: 0.000000038146972}
  m_LocalScale: {x: 1.0000002, y: 1.0000002, z: 1.0000002}
  m_Children:
  - {fileID: 463272}
  m_Father: {fileID: 450350}
  m_RootOrder: 2
--- !u!4 &420938
Transform:
  m_ObjectHideFlags: 1
  m_PrefabParentObject: {fileID: 0}
  m_PrefabInternal: {fileID: 100100000}
  m_GameObject: {fileID: 163936}
  m_LocalRotation: {x: 0.6278927, y: -0.5120373, z: -0.32420588, w: -0.4883228}
  m_LocalPosition: {x: -0.046281125, y: 0.016536763, z: 0.019882401}
  m_LocalScale: {x: 1.0000002, y: 1.0000001, z: 1}
  m_Children:
  - {fileID: 463190}
  m_Father: {fileID: 415978}
  m_RootOrder: 6
--- !u!4 &422128
Transform:
  m_ObjectHideFlags: 1
  m_PrefabParentObject: {fileID: 0}
  m_PrefabInternal: {fileID: 100100000}
  m_GameObject: {fileID: 138126}
  m_LocalRotation: {x: 0.6287085, y: 0.51139593, z: -0.3246028, w: 0.4876811}
  m_LocalPosition: {x: -0.04602749, y: -0.017463608, z: 0.019955628}
  m_LocalScale: {x: 1.0000004, y: 1.0000002, z: 1}
  m_Children:
  - {fileID: 472932}
  m_Father: {fileID: 415978}
  m_RootOrder: 2
--- !u!4 &422168
Transform:
  m_ObjectHideFlags: 1
  m_PrefabParentObject: {fileID: 0}
  m_PrefabInternal: {fileID: 100100000}
  m_GameObject: {fileID: 179746}
  m_LocalRotation: {x: 0.6481882, y: 0.090900436, z: -0.28443408, w: 0.7004902}
  m_LocalPosition: {x: -0.012746505, y: 0.0025738715, z: 0.009356345}
  m_LocalScale: {x: 1, y: 1, z: 1.0000001}
  m_Children:
  - {fileID: 480756}
  m_Father: {fileID: 489056}
  m_RootOrder: 4
--- !u!4 &427958
Transform:
  m_ObjectHideFlags: 1
  m_PrefabParentObject: {fileID: 0}
  m_PrefabInternal: {fileID: 100100000}
  m_GameObject: {fileID: 155090}
  m_LocalRotation: {x: 0.00000008733019, y: -0.11686558, z: 0.0000000030087615, w: 0.99314773}
  m_LocalPosition: {x: -0.01034346, y: -0.000000044703484, z: -0.000000019073486}
  m_LocalScale: {x: 1.0000001, y: 1, z: 0.9999999}
  m_Children: []
  m_Father: {fileID: 463066}
  m_RootOrder: 0
--- !u!4 &428016
Transform:
  m_ObjectHideFlags: 1
  m_PrefabParentObject: {fileID: 0}
  m_PrefabInternal: {fileID: 100100000}
  m_GameObject: {fileID: 139500}
  m_LocalRotation: {x: -0.012224981, y: 0.16284642, z: 0.0105955005, w: 0.9865188}
  m_LocalPosition: {x: -0.04134519, y: 0.000000038146972, z: 0}
  m_LocalScale: {x: 1, y: 1, z: 1}
  m_Children:
  - {fileID: 489056}
  m_Father: {fileID: 463272}
  m_RootOrder: 0
--- !u!4 &428786
Transform:
  m_ObjectHideFlags: 1
  m_PrefabParentObject: {fileID: 0}
  m_PrefabInternal: {fileID: 100100000}
  m_GameObject: {fileID: 172024}
  m_LocalRotation: {x: -0.7086378, y: -0.123171635, z: -0.015720276, w: 0.69456047}
  m_LocalPosition: {x: -0.022628546, y: -0.0032880593, z: -0.009791653}
  m_LocalScale: {x: 1.0000007, y: 1.0000002, z: 1.0000004}
  m_Children:
  - {fileID: 489190}
  m_Father: {fileID: 417076}
  m_RootOrder: 2
--- !u!4 &430428
Transform:
  m_ObjectHideFlags: 1
  m_PrefabParentObject: {fileID: 0}
  m_PrefabInternal: {fileID: 100100000}
  m_GameObject: {fileID: 138912}
  m_LocalRotation: {x: -0.00000020419472, y: -0.00000012307692, z: 0.51622206, w: 0.85645485}
  m_LocalPosition: {x: -0.03762803, y: -0.0000000047683715, z: 0.0000000023841857}
  m_LocalScale: {x: 1, y: 1, z: 1}
  m_Children:
  - {fileID: 435414}
  m_Father: {fileID: 409274}
  m_RootOrder: 0
--- !u!4 &430522
Transform:
  m_ObjectHideFlags: 1
  m_PrefabParentObject: {fileID: 0}
  m_PrefabInternal: {fileID: 100100000}
  m_GameObject: {fileID: 176346}
  m_LocalRotation: {x: 0.6278927, y: -0.5120373, z: -0.32420588, w: -0.4883228}
  m_LocalPosition: {x: -0.045985926, y: 0.01653637, z: 0.0199689}
  m_LocalScale: {x: 1.0000002, y: 1.0000001, z: 1}
  m_Children:
  - {fileID: 460270}
  m_Father: {fileID: 415978}
  m_RootOrder: 5
--- !u!4 &430910
Transform:
  m_ObjectHideFlags: 1
  m_PrefabParentObject: {fileID: 0}
  m_PrefabInternal: {fileID: 100100000}
  m_GameObject: {fileID: 149166}
  m_LocalRotation: {x: 5.6843412e-14, y: -7.1054265e-15, z: 4.0389669e-28, w: 1}
  m_LocalPosition: {x: -0.046396673, y: -0.000000009536743, z: 0.000000004411786}
  m_LocalScale: {x: 1.0000001, y: 1.0000001, z: 1}
  m_Children: []
  m_Father: {fileID: 487922}
  m_RootOrder: 0
--- !u!4 &431852
Transform:
  m_ObjectHideFlags: 1
  m_PrefabParentObject: {fileID: 0}
  m_PrefabInternal: {fileID: 100100000}
  m_GameObject: {fileID: 129288}
  m_LocalRotation: {x: 3.5001434e-16, y: 0.0000000039981387, z: -0.00000008754432,
    w: 1}
  m_LocalPosition: {x: -0.017906703, y: 0.00000085830686, z: -0.000000014305114}
  m_LocalScale: {x: 1, y: 1, z: 0.99999994}
  m_Children: []
  m_Father: {fileID: 489056}
  m_RootOrder: 0
--- !u!4 &432646
Transform:
  m_ObjectHideFlags: 1
  m_PrefabParentObject: {fileID: 0}
  m_PrefabInternal: {fileID: 100100000}
  m_GameObject: {fileID: 110576}
  m_LocalRotation: {x: 0.00000010058284, y: 0.00000023096808, z: 0.000000014901143,
    w: 1}
  m_LocalPosition: {x: -0.009597482, y: 0.0000000047683715, z: 0.000000019073486}
  m_LocalScale: {x: 0.99999994, y: 0.9999998, z: 1.0000002}
  m_Children: []
  m_Father: {fileID: 455450}
  m_RootOrder: 0
--- !u!4 &432856
Transform:
  m_ObjectHideFlags: 1
  m_PrefabParentObject: {fileID: 0}
  m_PrefabInternal: {fileID: 100100000}
  m_GameObject: {fileID: 113638}
  m_LocalRotation: {x: -0.07746313, y: -0.062639594, z: 0.7657781, w: 0.6353421}
  m_LocalPosition: {x: -0.043210592, y: 0.00000059977174, z: 0.0002332449}
  m_LocalScale: {x: 1.0000002, y: 1.0000002, z: 1.0000002}
  m_Children:
  - {fileID: 400338}
  m_Father: {fileID: 450350}
  m_RootOrder: 0
--- !u!4 &433202
Transform:
  m_ObjectHideFlags: 1
  m_PrefabParentObject: {fileID: 0}
  m_PrefabInternal: {fileID: 100100000}
  m_GameObject: {fileID: 119376}
  m_LocalRotation: {x: -0.7071068, y: 0, z: -0, w: 0.7071068}
  m_LocalPosition: {x: 0, y: 0, z: -0.0002761936}
  m_LocalScale: {x: 1, y: 1, z: 1}
  m_Children: []
  m_Father: {fileID: 413292}
  m_RootOrder: 0
--- !u!4 &433578
Transform:
  m_ObjectHideFlags: 1
  m_PrefabParentObject: {fileID: 0}
  m_PrefabInternal: {fileID: 100100000}
  m_GameObject: {fileID: 196558}
  m_LocalRotation: {x: 0.000000009660347, y: 0.0000000014120456, z: 0.14463271, w: 0.98948544}
  m_LocalPosition: {x: -0.039808873, y: -0.000000028610229, z: 0.0000000039350017}
  m_LocalScale: {x: 1, y: 1, z: 1}
  m_Children:
  - {fileID: 487922}
  m_Father: {fileID: 482540}
  m_RootOrder: 0
--- !u!4 &434576
Transform:
  m_ObjectHideFlags: 1
  m_PrefabParentObject: {fileID: 0}
  m_PrefabInternal: {fileID: 100100000}
  m_GameObject: {fileID: 199970}
  m_LocalRotation: {x: -0.7077353, y: -0.07512937, z: 0.007271864, w: 0.70243394}
  m_LocalPosition: {x: -0.021093644, y: -0.0033477591, z: 0.0061667454}
  m_LocalScale: {x: 1.0000004, y: 1.0000002, z: 1.0000001}
  m_Children:
  - {fileID: 491614}
  m_Father: {fileID: 417076}
  m_RootOrder: 1
--- !u!4 &435336
Transform:
  m_ObjectHideFlags: 1
  m_PrefabParentObject: {fileID: 0}
  m_PrefabInternal: {fileID: 100100000}
  m_GameObject: {fileID: 182766}
  m_LocalRotation: {x: 3.4942524e-10, y: -0.11686541, z: -0.000000006991993, w: 0.9931478}
  m_LocalPosition: {x: -0.010343456, y: 0.00000004529953, z: -0.000000019073486}
  m_LocalScale: {x: 1, y: 1, z: 1}
  m_Children: []
  m_Father: {fileID: 413056}
  m_RootOrder: 0
--- !u!4 &435414
Transform:
  m_ObjectHideFlags: 1
  m_PrefabParentObject: {fileID: 0}
  m_PrefabInternal: {fileID: 100100000}
  m_GameObject: {fileID: 115854}
  m_LocalRotation: {x: 0.022568323, y: -0.0427689, z: 0.8663714, w: -0.4970535}
  m_LocalPosition: {x: -0.039494563, y: -0.0000000023841857, z: 0.0000000047683715}
  m_LocalScale: {x: 1, y: 1, z: 1}
  m_Children:
  - {fileID: 491222}
  m_Father: {fileID: 430428}
  m_RootOrder: 0
--- !u!4 &437364
Transform:
  m_ObjectHideFlags: 1
  m_PrefabParentObject: {fileID: 0}
  m_PrefabInternal: {fileID: 100100000}
  m_GameObject: {fileID: 139374}
  m_LocalRotation: {x: -0.7071068, y: 0, z: -0, w: 0.7071068}
  m_LocalPosition: {x: -0.000020395517, y: 0, z: -0.0002761936}
  m_LocalScale: {x: 0.4144992, y: 0.4144992, z: 0.4144992}
  m_Children: []
  m_Father: {fileID: 413292}
  m_RootOrder: 2
--- !u!4 &439228
Transform:
  m_ObjectHideFlags: 1
  m_PrefabParentObject: {fileID: 0}
  m_PrefabInternal: {fileID: 100100000}
  m_GameObject: {fileID: 103460}
  m_LocalRotation: {x: 0.01222487, y: 0.16284649, z: -0.010595627, w: 0.9865188}
  m_LocalPosition: {x: -0.041345205, y: 0.000000019073486, z: 0.00000001847744}
  m_LocalScale: {x: 0.9999998, y: 0.9999998, z: 1.0000004}
  m_Children:
  - {fileID: 417076}
  m_Father: {fileID: 400338}
  m_RootOrder: 0
--- !u!4 &444650
Transform:
  m_ObjectHideFlags: 1
  m_PrefabParentObject: {fileID: 0}
  m_PrefabInternal: {fileID: 100100000}
  m_GameObject: {fileID: 145298}
  m_LocalRotation: {x: 0.70732164, y: -0.11356902, z: -0.030877156, w: 0.69702566}
  m_LocalPosition: {x: -0.025296114, y: 0.0013201523, z: -0.0027244757}
  m_LocalScale: {x: 1, y: 1.0000001, z: 1.0000001}
  m_Children:
  - {fileID: 413056}
  m_Father: {fileID: 489056}
  m_RootOrder: 3
--- !u!4 &445028
Transform:
  m_ObjectHideFlags: 1
  m_PrefabParentObject: {fileID: 0}
  m_PrefabInternal: {fileID: 100100000}
  m_GameObject: {fileID: 144312}
  m_LocalRotation: {x: -0.43989128, y: 0.5534442, z: 0.5531219, w: 0.4407395}
  m_LocalPosition: {x: -0.012687072, y: -0.0004976941, z: 0.021478571}
  m_LocalScale: {x: 1.0000002, y: 1, z: 1.0000001}
  m_Children:
  - {fileID: 412650}
  m_Father: {fileID: 415978}
  m_RootOrder: 1
--- !u!4 &450350
Transform:
  m_ObjectHideFlags: 1
  m_PrefabParentObject: {fileID: 0}
  m_PrefabInternal: {fileID: 100100000}
  m_GameObject: {fileID: 197138}
  m_LocalRotation: {x: -0.00221661, y: 0.09961082, z: -0.0006329548, w: 0.99502385}
  m_LocalPosition: {x: -0.054891422, y: 0.0000000020861626, z: -0.0000000011920929}
  m_LocalScale: {x: 0.9999999, y: 0.9999999, z: 0.9999999}
  m_Children:
  - {fileID: 432856}
  - {fileID: 408302}
  - {fileID: 420122}
  m_Father: {fileID: 499952}
  m_RootOrder: 0
--- !u!4 &454434
Transform:
  m_ObjectHideFlags: 1
  m_PrefabParentObject: {fileID: 0}
  m_PrefabInternal: {fileID: 100100000}
  m_GameObject: {fileID: 121060}
  m_LocalRotation: {x: 0.6287083, y: 0.5113962, z: -0.3246027, w: 0.48768112}
  m_LocalPosition: {x: -0.046322726, y: -0.017463211, z: 0.019869113}
  m_LocalScale: {x: 1.0000001, y: 0.99999994, z: 1.0000001}
  m_Children:
  - {fileID: 404228}
  m_Father: {fileID: 415978}
  m_RootOrder: 3
--- !u!4 &455450
Transform:
  m_ObjectHideFlags: 1
  m_PrefabParentObject: {fileID: 0}
  m_PrefabInternal: {fileID: 100100000}
  m_GameObject: {fileID: 115968}
  m_LocalRotation: {x: -0.00000031138046, y: -0.00000026787035, z: -0.18317446, w: 0.98308045}
  m_LocalPosition: {x: -0.011135368, y: -0.0000000047683715, z: -0.000000019073486}
  m_LocalScale: {x: 1.0000001, y: 0.9999998, z: 1}
  m_Children:
  - {fileID: 432646}
  m_Father: {fileID: 404328}
  m_RootOrder: 0
--- !u!4 &456176
Transform:
  m_ObjectHideFlags: 1
  m_PrefabParentObject: {fileID: 0}
  m_PrefabInternal: {fileID: 100100000}
  m_GameObject: {fileID: 133584}
  m_LocalRotation: {x: -0.7071068, y: 0, z: -0, w: 0.7071068}
  m_LocalPosition: {x: -0.000020395517, y: 0, z: -0.0002761936}
  m_LocalScale: {x: 0.4144992, y: 0.4144992, z: 0.4144992}
  m_Children: []
  m_Father: {fileID: 413292}
  m_RootOrder: 3
--- !u!4 &457548
Transform:
  m_ObjectHideFlags: 1
  m_PrefabParentObject: {fileID: 0}
  m_PrefabInternal: {fileID: 100100000}
  m_GameObject: {fileID: 121082}
  m_LocalRotation: {x: -0.005011249, y: -0.09078095, z: -0.05486617, w: 0.9943457}
  m_LocalPosition: {x: -0.008936739, y: 0.000000049471854, z: -0.000000019073486}
  m_LocalScale: {x: 1, y: 1.0000002, z: 0.99999994}
  m_Children:
  - {fileID: 407456}
  m_Father: {fileID: 400116}
  m_RootOrder: 0
--- !u!4 &460270
Transform:
  m_ObjectHideFlags: 1
  m_PrefabParentObject: {fileID: 0}
  m_PrefabInternal: {fileID: 100100000}
  m_GameObject: {fileID: 114810}
  m_LocalRotation: {x: -0.0000000037252903, y: -0.000000007450581, z: -0.000000014901161,
    w: 1}
  m_LocalPosition: {x: -0.012057361, y: 0, z: -0.0000000011920929}
  m_LocalScale: {x: 1, y: 1, z: 1}
  m_Children: []
  m_Father: {fileID: 430522}
  m_RootOrder: 0
--- !u!4 &463066
Transform:
  m_ObjectHideFlags: 1
  m_PrefabParentObject: {fileID: 0}
  m_PrefabInternal: {fileID: 100100000}
  m_GameObject: {fileID: 104246}
  m_LocalRotation: {x: -0.00078651716, y: -0.1168625, z: -0.0066820434, w: 0.9931253}
  m_LocalPosition: {x: -0.009950771, y: -0.00000003159046, z: 0}
  m_LocalScale: {x: 1, y: 1.0000002, z: 0.9999998}
  m_Children:
  - {fileID: 427958}
  m_Father: {fileID: 476712}
  m_RootOrder: 0
--- !u!4 &463190
Transform:
  m_ObjectHideFlags: 1
  m_PrefabParentObject: {fileID: 0}
  m_PrefabInternal: {fileID: 100100000}
  m_GameObject: {fileID: 126246}
  m_LocalRotation: {x: -0.0000000037252903, y: -0.000000007450581, z: -0.000000014901161,
    w: 1}
  m_LocalPosition: {x: -0.012057361, y: 0.000000019073486, z: -0.0000000011920929}
  m_LocalScale: {x: 1, y: 1, z: 1}
  m_Children: []
  m_Father: {fileID: 420938}
  m_RootOrder: 0
--- !u!4 &463272
Transform:
  m_ObjectHideFlags: 1
  m_PrefabParentObject: {fileID: 0}
  m_PrefabInternal: {fileID: 100100000}
  m_GameObject: {fileID: 191594}
  m_LocalRotation: {x: 0.0069039436, y: -0.043185305, z: 0.06984547, w: 0.9965987}
  m_LocalPosition: {x: -0.037029076, y: -0.000000019073486, z: -0.0000000047683715}
  m_LocalScale: {x: 1, y: 1, z: 1}
  m_Children:
  - {fileID: 428016}
  m_Father: {fileID: 420122}
  m_RootOrder: 0
--- !u!4 &466652
Transform:
  m_ObjectHideFlags: 1
  m_PrefabParentObject: {fileID: 0}
  m_PrefabInternal: {fileID: 100100000}
  m_GameObject: {fileID: 113356}
  m_LocalRotation: {x: -0.7071068, y: 0, z: -0, w: 0.7071068}
  m_LocalPosition: {x: 0, y: 0, z: 0}
  m_LocalScale: {x: 1, y: 1, z: 1}
  m_Children: []
  m_Father: {fileID: 413292}
  m_RootOrder: 4
--- !u!4 &466844
Transform:
  m_ObjectHideFlags: 1
  m_PrefabParentObject: {fileID: 0}
  m_PrefabInternal: {fileID: 100100000}
  m_GameObject: {fileID: 130836}
  m_LocalRotation: {x: -0.0002623988, y: -0.09091897, z: -0.0028999925, w: 0.9958541}
  m_LocalPosition: {x: -0.010075354, y: -0.000000011920928, z: 0}
  m_LocalScale: {x: 1.0000002, y: 0.99999976, z: 1}
  m_Children: []
  m_Father: {fileID: 489190}
  m_RootOrder: 0
--- !u!4 &470122
Transform:
  m_ObjectHideFlags: 1
  m_PrefabParentObject: {fileID: 0}
  m_PrefabInternal: {fileID: 100100000}
  m_GameObject: {fileID: 137424}
  m_LocalRotation: {x: 5.481726e-16, y: 0.000000007450581, z: -0.00000007357448, w: 1}
  m_LocalPosition: {x: -0.009597502, y: 0, z: -0.000000019073486}
  m_LocalScale: {x: 1, y: 1, z: 1}
  m_Children: []
  m_Father: {fileID: 480756}
  m_RootOrder: 0
--- !u!4 &470260
Transform:
  m_ObjectHideFlags: 1
  m_PrefabParentObject: {fileID: 0}
  m_PrefabInternal: {fileID: 100100000}
  m_GameObject: {fileID: 122818}
  m_LocalRotation: {x: 9.306487e-10, y: -0.072934344, z: -0.000000009620216, w: 0.99733675}
  m_LocalPosition: {x: -0.01070158, y: -0.000000039339064, z: 0}
  m_LocalScale: {x: 1, y: 1, z: 1}
  m_Children: []
  m_Father: {fileID: 471206}
  m_RootOrder: 0
--- !u!4 &471206
Transform:
  m_ObjectHideFlags: 1
  m_PrefabParentObject: {fileID: 0}
  m_PrefabInternal: {fileID: 100100000}
  m_GameObject: {fileID: 118032}
  m_LocalRotation: {x: -0.00008176914, y: -0.07293427, z: -0.0011181321, w: 0.99733615}
  m_LocalPosition: {x: -0.011310062, y: -0.0000000013411044, z: 0}
  m_LocalScale: {x: 1, y: 1, z: 1}
  m_Children:
  - {fileID: 470260}
  m_Father: {fileID: 417162}
  m_RootOrder: 0
--- !u!4 &472412
Transform:
  m_ObjectHideFlags: 1
  m_PrefabParentObject: {fileID: 0}
  m_PrefabInternal: {fileID: 100100000}
  m_GameObject: {fileID: 102312}
  m_LocalRotation: {x: -0.63908374, y: 0.30228594, z: 0.30162203, w: 0.63970256}
  m_LocalPosition: {x: -0.021385536, y: -0.00050713064, z: 0.061581157}
  m_LocalScale: {x: 1.0000002, y: 1, z: 1.0000001}
  m_Children: []
  m_Father: {fileID: 415978}
  m_RootOrder: 4
--- !u!4 &472932
Transform:
  m_ObjectHideFlags: 1
  m_PrefabParentObject: {fileID: 0}
  m_PrefabInternal: {fileID: 100100000}
  m_GameObject: {fileID: 121142}
  m_LocalRotation: {x: 0.00000010058286, y: -0.000000011175849, z: 0.00000022351743,
    w: 1}
  m_LocalPosition: {x: -0.012057361, y: 0.000000019073486, z: 0.00000003695488}
  m_LocalScale: {x: 0.9999999, y: 0.9999998, z: 1}
  m_Children: []
  m_Father: {fileID: 422128}
  m_RootOrder: 0
--- !u!4 &476584
Transform:
  m_ObjectHideFlags: 1
  m_PrefabParentObject: {fileID: 0}
  m_PrefabInternal: {fileID: 100100000}
  m_GameObject: {fileID: 102630}
  m_LocalRotation: {x: -0.000000005211573, y: -0.07293413, z: 0.00000001811999, w: 0.9973368}
  m_LocalPosition: {x: -0.010701589, y: 0.000000052005053, z: 0.000000019073486}
  m_LocalScale: {x: 0.9999999, y: 0.99999994, z: 0.9999998}
  m_Children: []
  m_Father: {fileID: 491614}
  m_RootOrder: 0
--- !u!4 &476594
Transform:
  m_ObjectHideFlags: 1
  m_PrefabParentObject: {fileID: 0}
  m_PrefabInternal: {fileID: 100100000}
  m_GameObject: {fileID: 131692}
  m_LocalRotation: {x: 0.000000002747132, y: -0.000000017340637, z: 0.15647033, w: 0.9876827}
  m_LocalPosition: {x: -0.04264898, y: -0.0000000023841857, z: -0.000000007152557}
  m_LocalScale: {x: 0.99999976, y: 0.99999994, z: 0.99999994}
  m_Children:
  - {fileID: 493902}
  m_Father: {fileID: 484010}
  m_RootOrder: 0
--- !u!4 &476712
Transform:
  m_ObjectHideFlags: 1
  m_PrefabParentObject: {fileID: 0}
  m_PrefabInternal: {fileID: 100100000}
  m_GameObject: {fileID: 103584}
  m_LocalRotation: {x: -0.70732164, y: -0.11356899, z: 0.030877301, w: 0.6970257}
  m_LocalPosition: {x: -0.025296086, y: -0.0013201332, z: -0.0027245115}
  m_LocalScale: {x: 1.0000004, y: 1.0000002, z: 1.0000002}
  m_Children:
  - {fileID: 463066}
  m_Father: {fileID: 417076}
  m_RootOrder: 3
--- !u!4 &480756
Transform:
  m_ObjectHideFlags: 1
  m_PrefabParentObject: {fileID: 0}
  m_PrefabInternal: {fileID: 100100000}
  m_GameObject: {fileID: 139712}
  m_LocalRotation: {x: -0.0000000059597642, y: -0.000000008689274, z: 0.18317437,
    w: 0.98308045}
  m_LocalPosition: {x: -0.011135325, y: 0.000000009536743, z: 0.000000019073486}
  m_LocalScale: {x: 1.0000001, y: 1.0000001, z: 1}
  m_Children:
  - {fileID: 470122}
  m_Father: {fileID: 422168}
  m_RootOrder: 0
--- !u!4 &482540
Transform:
  m_ObjectHideFlags: 1
  m_PrefabParentObject: {fileID: 0}
  m_PrefabInternal: {fileID: 100100000}
  m_GameObject: {fileID: 156038}
  m_LocalRotation: {x: 0.00000003090525, y: 0.0000000036048682, z: 0.11585687, w: 0.9932659}
  m_LocalPosition: {x: -0.034279898, y: 0.000000009536743, z: 0.000000003830769}
  m_LocalScale: {x: 1, y: 1, z: 1}
  m_Children:
  - {fileID: 433578}
  m_Father: {fileID: 493636}
  m_RootOrder: 0
--- !u!4 &483292
Transform:
  m_ObjectHideFlags: 1
  m_PrefabParentObject: {fileID: 0}
  m_PrefabInternal: {fileID: 100100000}
  m_GameObject: {fileID: 156526}
  m_LocalRotation: {x: -0.011172025, y: 0.74691164, z: -0.6648268, w: 0.0018684715}
  m_LocalPosition: {x: -0.027270436, y: -0.027520528, z: 0.010430259}
  m_LocalScale: {x: 1.0000001, y: 0.9999998, z: 0.99999976}
  m_Children:
  - {fileID: 415676}
  m_Father: {fileID: 410472}
  m_RootOrder: 0
--- !u!4 &484010
Transform:
  m_ObjectHideFlags: 1
  m_PrefabParentObject: {fileID: 0}
  m_PrefabInternal: {fileID: 100100000}
  m_GameObject: {fileID: 197638}
  m_LocalRotation: {x: 0.0111891385, y: 0.04520208, z: 0.866448, w: 0.49709108}
  m_LocalPosition: {x: -0.039494563, y: 0.0000000047683715, z: 0.000000014305114}
  m_LocalScale: {x: 0.9999998, y: 1.0000001, z: 0.99999994}
  m_Children:
  - {fileID: 476594}
  m_Father: {fileID: 415676}
  m_RootOrder: 0
--- !u!4 &486028
Transform:
  m_ObjectHideFlags: 1
  m_PrefabParentObject: {fileID: 0}
  m_PrefabInternal: {fileID: 100100000}
  m_GameObject: {fileID: 104156}
  m_LocalRotation: {x: -9.313239e-10, y: 0.00000022549636, z: 0.000000006984916, w: 1}
  m_LocalPosition: {x: -0.017906684, y: -0.0000008392334, z: -0.000000019073486}
  m_LocalScale: {x: 1.0000005, y: 1.0000002, z: 1.0000001}
  m_Children: []
  m_Father: {fileID: 417076}
  m_RootOrder: 0
--- !u!4 &487922
Transform:
  m_ObjectHideFlags: 1
  m_PrefabParentObject: {fileID: 0}
  m_PrefabInternal: {fileID: 100100000}
  m_GameObject: {fileID: 186082}
  m_LocalRotation: {x: 0.000000009274415, y: 9.001972e-10, z: 0.0966122, w: 0.9953221}
  m_LocalPosition: {x: -0.029734343, y: -0.0000000047683715, z: 0.00000000288137}
  m_LocalScale: {x: 1, y: 1, z: 1}
  m_Children:
  - {fileID: 430910}
  m_Father: {fileID: 433578}
  m_RootOrder: 0
--- !u!4 &489056
Transform:
  m_ObjectHideFlags: 1
  m_PrefabParentObject: {fileID: 0}
  m_PrefabInternal: {fileID: 100100000}
  m_GameObject: {fileID: 100206}
  m_LocalRotation: {x: 0.000000029633298, y: -0.0000007565847, z: 0.018849451, w: 0.9998223}
  m_LocalPosition: {x: -0.03165649, y: 0.000000019073486, z: 0.000000028610229}
  m_LocalScale: {x: 1, y: 0.9999998, z: 0.99999994}
  m_Children:
  - {fileID: 431852}
  - {fileID: 417162}
  - {fileID: 400116}
  - {fileID: 444650}
  - {fileID: 422168}
  m_Father: {fileID: 428016}
  m_RootOrder: 0
--- !u!4 &489190
Transform:
  m_ObjectHideFlags: 1
  m_PrefabParentObject: {fileID: 0}
  m_PrefabInternal: {fileID: 100100000}
  m_GameObject: {fileID: 155592}
  m_LocalRotation: {x: 0.0050110044, y: -0.09078081, z: 0.054866236, w: 0.9943458}
  m_LocalPosition: {x: -0.0089367675, y: -0.00000006943941, z: 0}
  m_LocalScale: {x: 1.0000001, y: 1, z: 0.9999998}
  m_Children:
  - {fileID: 466844}
  m_Father: {fileID: 428786}
  m_RootOrder: 0
--- !u!4 &491222
Transform:
  m_ObjectHideFlags: 1
  m_PrefabParentObject: {fileID: 0}
  m_PrefabInternal: {fileID: 100100000}
  m_GameObject: {fileID: 175718}
  m_LocalRotation: {x: 0.00000007191005, y: -0.00000001034604, z: -0.15647034, w: 0.9876827}
  m_LocalPosition: {x: -0.04264897, y: 0.000000019073486, z: 0.0000000047683715}
  m_LocalScale: {x: 1, y: 1, z: 1}
  m_Children:
  - {fileID: 411930}
  m_Father: {fileID: 435414}
  m_RootOrder: 0
--- !u!4 &491614
Transform:
  m_ObjectHideFlags: 1
  m_PrefabParentObject: {fileID: 0}
  m_PrefabInternal: {fileID: 100100000}
  m_GameObject: {fileID: 145492}
  m_LocalRotation: {x: 0.00008176477, y: -0.07293433, z: 0.0011180461, w: 0.99733615}
  m_LocalPosition: {x: -0.011310072, y: -0.000000010728836, z: 0.000000038146972}
  m_LocalScale: {x: 0.99999994, y: 0.99999994, z: 1.0000001}
  m_Children:
  - {fileID: 476584}
  m_Father: {fileID: 434576}
  m_RootOrder: 0
--- !u!4 &493636
Transform:
  m_ObjectHideFlags: 1
  m_PrefabParentObject: {fileID: 0}
  m_PrefabInternal: {fileID: 100100000}
  m_GameObject: {fileID: 124630}
  m_LocalRotation: {x: 0.47352952, y: 0.52513796, z: 0.52513754, w: -0.47352985}
  m_LocalPosition: {x: -0.05289703, y: -0.00052052253, z: -0.028323315}
  m_LocalScale: {x: 1, y: 1, z: 1}
  m_Children:
  - {fileID: 482540}
  m_Father: {fileID: 410472}
  m_RootOrder: 3
--- !u!4 &493902
Transform:
  m_ObjectHideFlags: 1
  m_PrefabParentObject: {fileID: 0}
  m_PrefabInternal: {fileID: 100100000}
  m_GameObject: {fileID: 181988}
  m_LocalRotation: {x: 9.4013805e-15, y: 0.00000023822204, z: -0.00000003946478, w: 1}
  m_LocalPosition: {x: -0.02501235, y: 0.0000000047683715, z: 0.0000000023841857}
  m_LocalScale: {x: 1.0000002, y: 1.0000001, z: 1.0000001}
  m_Children: []
  m_Father: {fileID: 476594}
  m_RootOrder: 0
--- !u!4 &499952
Transform:
  m_ObjectHideFlags: 1
  m_PrefabParentObject: {fileID: 0}
  m_PrefabInternal: {fileID: 100100000}
  m_GameObject: {fileID: 190276}
  m_LocalRotation: {x: 0.0034865343, y: 0.13011572, z: -0.0004575454, w: 0.9914926}
  m_LocalPosition: {x: -0.041867595, y: -0.0000000051781535, z: 0.0000000011920929}
  m_LocalScale: {x: 1, y: 1, z: 1}
  m_Children:
  - {fileID: 450350}
  m_Father: {fileID: 410472}
  m_RootOrder: 2
--- !u!111 &11171476
Animation:
  m_ObjectHideFlags: 1
  m_PrefabParentObject: {fileID: 0}
  m_PrefabInternal: {fileID: 100100000}
  m_GameObject: {fileID: 199806}
  m_Enabled: 1
  serializedVersion: 3
  m_Animation: {fileID: 7400008, guid: 0c5fe99d9ff414709892d59ccc7d5ef0, type: 3}
  m_Animations:
  - {fileID: 7400006, guid: 0c5fe99d9ff414709892d59ccc7d5ef0, type: 3}
  - {fileID: 7400022, guid: 0c5fe99d9ff414709892d59ccc7d5ef0, type: 3}
  - {fileID: 7400008, guid: 0c5fe99d9ff414709892d59ccc7d5ef0, type: 3}
  - {fileID: 7400002, guid: 0c5fe99d9ff414709892d59ccc7d5ef0, type: 3}
  - {fileID: 7400018, guid: 0c5fe99d9ff414709892d59ccc7d5ef0, type: 3}
  - {fileID: 7400010, guid: 0c5fe99d9ff414709892d59ccc7d5ef0, type: 3}
  - {fileID: 7400020, guid: 0c5fe99d9ff414709892d59ccc7d5ef0, type: 3}
  - {fileID: 7400000, guid: 0c5fe99d9ff414709892d59ccc7d5ef0, type: 3}
  - {fileID: 7400016, guid: 0c5fe99d9ff414709892d59ccc7d5ef0, type: 3}
  - {fileID: 7400012, guid: 0c5fe99d9ff414709892d59ccc7d5ef0, type: 3}
  - {fileID: 7400004, guid: 0c5fe99d9ff414709892d59ccc7d5ef0, type: 3}
  - {fileID: 7400014, guid: 0c5fe99d9ff414709892d59ccc7d5ef0, type: 3}
  - {fileID: 7400000, guid: f81f8c4b11a5c47099787a2793e02f5d, type: 3}
  - {fileID: 7400002, guid: f81f8c4b11a5c47099787a2793e02f5d, type: 3}
  - {fileID: 7400004, guid: f81f8c4b11a5c47099787a2793e02f5d, type: 3}
  - {fileID: 7400016, guid: ebfd801a0b92d4d309b42a9eea29d3af, type: 3}
  - {fileID: 7400012, guid: ebfd801a0b92d4d309b42a9eea29d3af, type: 3}
  - {fileID: 7400008, guid: ebfd801a0b92d4d309b42a9eea29d3af, type: 3}
  - {fileID: 7400010, guid: ebfd801a0b92d4d309b42a9eea29d3af, type: 3}
  - {fileID: 7400002, guid: ebfd801a0b92d4d309b42a9eea29d3af, type: 3}
  - {fileID: 7400004, guid: ebfd801a0b92d4d309b42a9eea29d3af, type: 3}
  - {fileID: 7400006, guid: ebfd801a0b92d4d309b42a9eea29d3af, type: 3}
  - {fileID: 7400014, guid: ebfd801a0b92d4d309b42a9eea29d3af, type: 3}
  m_WrapMode: 0
  m_PlayAutomatically: 1
  m_AnimatePhysics: 0
  m_CullingType: 1
--- !u!137 &13718932
SkinnedMeshRenderer:
  m_ObjectHideFlags: 1
  m_PrefabParentObject: {fileID: 0}
  m_PrefabInternal: {fileID: 100100000}
  m_GameObject: {fileID: 133584}
  m_Enabled: 1
  m_CastShadows: 1
  m_ReceiveShadows: 1
  m_Materials:
  - {fileID: 2100000, guid: 89946dda39e1640b7a0f7ddcacd7a7fa, type: 2}
  m_SubsetIndices: 
  m_StaticBatchRoot: {fileID: 0}
  m_UseLightProbes: 1
  m_ReflectionProbeUsage: 1
  m_ProbeAnchor: {fileID: 0}
  m_ScaleInLightmap: 1
  m_PreserveUVs: 0
  m_IgnoreNormalsForChartDetection: 0
  m_ImportantGI: 0
  m_MinimumChartSize: 4
  m_AutoUVMaxDistance: 0.5
  m_AutoUVMaxAngle: 89
  m_LightmapParameters: {fileID: 0}
  m_SortingLayerID: 0
  m_SortingOrder: 0
  serializedVersion: 2
  m_Quality: 0
  m_UpdateWhenOffscreen: 0
  m_Mesh: {fileID: 4300002, guid: f870d3531629a45c48cda55e99ad01ca, type: 3}
  m_Bones:
  - {fileID: 415978}
  - {fileID: 499952}
  - {fileID: 450350}
  - {fileID: 420122}
  - {fileID: 463272}
  - {fileID: 432856}
  - {fileID: 410472}
  - {fileID: 400338}
  - {fileID: 445028}
  - {fileID: 484010}
  - {fileID: 476594}
  - {fileID: 435414}
  - {fileID: 491222}
  - {fileID: 483292}
  - {fileID: 415676}
  - {fileID: 409274}
  - {fileID: 430428}
  m_BlendShapeWeights: []
  m_RootBone: {fileID: 410472}
  m_AABB:
    m_Center: {x: -0.09135111, y: -0.0047804266, z: 0.039534166}
    m_Extent: {x: 0.17629765, y: 0.06537096, z: 0.07734418}
  m_DirtyAABB: 0
--- !u!137 &13722256
SkinnedMeshRenderer:
  m_ObjectHideFlags: 1
  m_PrefabParentObject: {fileID: 0}
  m_PrefabInternal: {fileID: 100100000}
  m_GameObject: {fileID: 113356}
  m_Enabled: 1
  m_CastShadows: 1
  m_ReceiveShadows: 1
  m_Materials:
  - {fileID: 2100000, guid: 54b8a50d43e8742099ab97e8fc2289ad, type: 2}
  m_SubsetIndices: 
  m_StaticBatchRoot: {fileID: 0}
  m_UseLightProbes: 1
  m_ReflectionProbeUsage: 1
  m_ProbeAnchor: {fileID: 0}
  m_ScaleInLightmap: 1
  m_PreserveUVs: 0
  m_IgnoreNormalsForChartDetection: 0
  m_ImportantGI: 0
  m_MinimumChartSize: 4
  m_AutoUVMaxDistance: 0.5
  m_AutoUVMaxAngle: 89
  m_LightmapParameters: {fileID: 0}
  m_SortingLayerID: 0
  m_SortingOrder: 0
  serializedVersion: 2
  m_Quality: 0
  m_UpdateWhenOffscreen: 0
  m_Mesh: {fileID: 4300004, guid: f870d3531629a45c48cda55e99ad01ca, type: 3}
  m_Bones:
  - {fileID: 410472}
  - {fileID: 499952}
  - {fileID: 450350}
  - {fileID: 420122}
  - {fileID: 463272}
  - {fileID: 428016}
  - {fileID: 415978}
  - {fileID: 432856}
  - {fileID: 493636}
  - {fileID: 445028}
  - {fileID: 400338}
  - {fileID: 489056}
  - {fileID: 409274}
  - {fileID: 482540}
  - {fileID: 430428}
  - {fileID: 483292}
  - {fileID: 422168}
  - {fileID: 439228}
  - {fileID: 415676}
  - {fileID: 417162}
  - {fileID: 400116}
  - {fileID: 480756}
  - {fileID: 417076}
  - {fileID: 404328}
  - {fileID: 434576}
  - {fileID: 428786}
  - {fileID: 455450}
  - {fileID: 433578}
  - {fileID: 435414}
  - {fileID: 484010}
  - {fileID: 472412}
  - {fileID: 491222}
  - {fileID: 476594}
  m_BlendShapeWeights: []
  m_RootBone: {fileID: 410472}
  m_AABB:
    m_Center: {x: -0.098087475, y: -0.00043124706, z: 0.040399347}
    m_Extent: {x: 0.18174638, y: 0.08004374, z: 0.0873113}
  m_DirtyAABB: 0
--- !u!137 &13776706
SkinnedMeshRenderer:
  m_ObjectHideFlags: 1
  m_PrefabParentObject: {fileID: 0}
  m_PrefabInternal: {fileID: 100100000}
  m_GameObject: {fileID: 139374}
  m_Enabled: 1
  m_CastShadows: 1
  m_ReceiveShadows: 1
  m_Materials:
  - {fileID: 2100000, guid: 4ef4063dca600480d831b30c991c1b9c, type: 2}
  m_SubsetIndices: 
  m_StaticBatchRoot: {fileID: 0}
  m_UseLightProbes: 1
  m_ReflectionProbeUsage: 1
  m_ProbeAnchor: {fileID: 0}
  m_ScaleInLightmap: 1
  m_PreserveUVs: 0
  m_IgnoreNormalsForChartDetection: 0
  m_ImportantGI: 0
  m_MinimumChartSize: 4
  m_AutoUVMaxDistance: 0.5
  m_AutoUVMaxAngle: 89
  m_LightmapParameters: {fileID: 0}
  m_SortingLayerID: 0
  m_SortingOrder: 0
  serializedVersion: 2
  m_Quality: 0
  m_UpdateWhenOffscreen: 0
  m_Mesh: {fileID: 4300000, guid: f870d3531629a45c48cda55e99ad01ca, type: 3}
  m_Bones:
  - {fileID: 410472}
  - {fileID: 483292}
  - {fileID: 415676}
  - {fileID: 499952}
  - {fileID: 450350}
  - {fileID: 493636}
  - {fileID: 482540}
  - {fileID: 432856}
  - {fileID: 400338}
  - {fileID: 420122}
  - {fileID: 415978}
  - {fileID: 439228}
  - {fileID: 445028}
  - {fileID: 484010}
  - {fileID: 409274}
  - {fileID: 430428}
  - {fileID: 435414}
  - {fileID: 433578}
  - {fileID: 487922}
  - {fileID: 417076}
  - {fileID: 486028}
  - {fileID: 428786}
  - {fileID: 404328}
  - {fileID: 455450}
  - {fileID: 434576}
  - {fileID: 491614}
  - {fileID: 489190}
  - {fileID: 476712}
  - {fileID: 463066}
  - {fileID: 472412}
  - {fileID: 463272}
  - {fileID: 476594}
  - {fileID: 428016}
  - {fileID: 489056}
  - {fileID: 431852}
  - {fileID: 400116}
  - {fileID: 422168}
  - {fileID: 480756}
  - {fileID: 417162}
  - {fileID: 471206}
  - {fileID: 457548}
  - {fileID: 444650}
  - {fileID: 413056}
  - {fileID: 491222}
  - {fileID: 422128}
  - {fileID: 454434}
  - {fileID: 420938}
  - {fileID: 430522}
  m_BlendShapeWeights: []
  m_RootBone: {fileID: 410472}
  m_AABB:
    m_Center: {x: -0.091937765, y: -0.00051146746, z: -0.0075996667}
    m_Extent: {x: 0.14418687, y: 0.15667401, z: 0.15897585}
  m_DirtyAABB: 0
--- !u!137 &13777806
SkinnedMeshRenderer:
  m_ObjectHideFlags: 1
  m_PrefabParentObject: {fileID: 0}
  m_PrefabInternal: {fileID: 100100000}
  m_GameObject: {fileID: 119376}
  m_Enabled: 1
  m_CastShadows: 1
  m_ReceiveShadows: 1
  m_Materials:
  - {fileID: 2100000, guid: 220adf039ac0c454d8dc0a8cafc4445f, type: 2}
  m_SubsetIndices: 
  m_StaticBatchRoot: {fileID: 0}
  m_UseLightProbes: 1
  m_ReflectionProbeUsage: 1
  m_ProbeAnchor: {fileID: 0}
  m_ScaleInLightmap: 1
  m_PreserveUVs: 0
  m_IgnoreNormalsForChartDetection: 0
  m_ImportantGI: 0
  m_MinimumChartSize: 4
  m_AutoUVMaxDistance: 0.5
  m_AutoUVMaxAngle: 89
  m_LightmapParameters: {fileID: 0}
  m_SortingLayerID: 0
  m_SortingOrder: 0
  serializedVersion: 2
  m_Quality: 0
  m_UpdateWhenOffscreen: 0
  m_Mesh: {fileID: 4300006, guid: f870d3531629a45c48cda55e99ad01ca, type: 3}
  m_Bones:
  - {fileID: 410472}
  - {fileID: 483292}
  - {fileID: 499952}
  - {fileID: 450350}
  - {fileID: 420122}
  - {fileID: 463272}
  - {fileID: 415978}
  - {fileID: 445028}
  - {fileID: 432856}
  - {fileID: 400338}
  - {fileID: 439228}
  - {fileID: 493636}
  - {fileID: 482540}
  - {fileID: 428016}
  - {fileID: 417076}
  - {fileID: 409274}
  - {fileID: 415676}
  - {fileID: 430428}
  - {fileID: 484010}
  - {fileID: 404328}
  - {fileID: 434576}
  - {fileID: 428786}
  - {fileID: 455450}
  - {fileID: 489056}
  - {fileID: 435414}
  - {fileID: 422168}
  - {fileID: 417162}
  - {fileID: 400116}
  - {fileID: 480756}
  - {fileID: 420938}
  - {fileID: 491222}
  - {fileID: 476594}
  - {fileID: 433578}
  m_BlendShapeWeights: []
  m_RootBone: {fileID: 410472}
  m_AABB:
    m_Center: {x: -0.101036906, y: -0.00043370202, z: 0.02211029}
    m_Extent: {x: 0.17856401, y: 0.07092586, z: 0.086768806}
  m_DirtyAABB: 0
--- !u!1001 &100100000
Prefab:
  m_ObjectHideFlags: 1
  serializedVersion: 2
  m_Modification:
    m_TransformParent: {fileID: 0}
    m_Modifications: []
    m_RemovedComponents: []
  m_ParentPrefab: {fileID: 0}
  m_RootGameObject: {fileID: 199806}
  m_IsPrefabParent: 1
