%YAML 1.1
%TAG !u! tag:unity3d.com,2011:
--- !u!1 &101372
GameObject:
  m_ObjectHideFlags: 1
  m_PrefabParentObject: {fileID: 0}
  m_PrefabInternal: {fileID: 100100000}
  serializedVersion: 4
  m_Component:
  - 4: {fileID: 435364}
  m_Layer: 0
  m_Name: LeftHand
  m_TagString: Untagged
  m_Icon: {fileID: 0}
  m_NavMeshLayer: 0
  m_StaticEditorFlags: 0
  m_IsActive: 1
--- !u!1 &101816
GameObject:
  m_ObjectHideFlags: 1
  m_PrefabParentObject: {fileID: 0}
  m_PrefabInternal: {fileID: 100100000}
  serializedVersion: 4
  m_Component:
  - 4: {fileID: 451550}
  m_Layer: 0
  m_Name: Tail5
  m_TagString: Untagged
  m_Icon: {fileID: 0}
  m_NavMeshLayer: 0
  m_StaticEditorFlags: 0
  m_IsActive: 1
--- !u!1 &102634
GameObject:
  m_ObjectHideFlags: 1
  m_PrefabParentObject: {fileID: 0}
  m_PrefabInternal: {fileID: 100100000}
  serializedVersion: 4
  m_Component:
  - 4: {fileID: 419764}
  m_Layer: 0
  m_Name: LeftArm
  m_TagString: Untagged
  m_Icon: {fileID: 0}
  m_NavMeshLayer: 0
  m_StaticEditorFlags: 0
  m_IsActive: 1
--- !u!1 &104412
GameObject:
  m_ObjectHideFlags: 1
  m_PrefabParentObject: {fileID: 0}
  m_PrefabInternal: {fileID: 100100000}
  serializedVersion: 4
  m_Component:
  - 4: {fileID: 457958}
  m_Layer: 0
  m_Name: Bone028
  m_TagString: Untagged
  m_Icon: {fileID: 0}
  m_NavMeshLayer: 0
  m_StaticEditorFlags: 0
  m_IsActive: 1
--- !u!1 &108674
GameObject:
  m_ObjectHideFlags: 1
  m_PrefabParentObject: {fileID: 0}
  m_PrefabInternal: {fileID: 100100000}
  serializedVersion: 4
  m_Component:
  - 4: {fileID: 457246}
  m_Layer: 0
  m_Name: Bone028(mirrored)
  m_TagString: Untagged
  m_Icon: {fileID: 0}
  m_NavMeshLayer: 0
  m_StaticEditorFlags: 0
  m_IsActive: 1
--- !u!1 &109358
GameObject:
  m_ObjectHideFlags: 1
  m_PrefabParentObject: {fileID: 0}
  m_PrefabInternal: {fileID: 100100000}
  serializedVersion: 4
  m_Component:
  - 4: {fileID: 463648}
  m_Layer: 0
  m_Name: RightShoulder
  m_TagString: Untagged
  m_Icon: {fileID: 0}
  m_NavMeshLayer: 0
  m_StaticEditorFlags: 0
  m_IsActive: 1
--- !u!1 &110182
GameObject:
  m_ObjectHideFlags: 1
  m_PrefabParentObject: {fileID: 0}
  m_PrefabInternal: {fileID: 100100000}
  serializedVersion: 4
  m_Component:
  - 4: {fileID: 461062}
  m_Layer: 0
  m_Name: RightForeArm
  m_TagString: Untagged
  m_Icon: {fileID: 0}
  m_NavMeshLayer: 0
  m_StaticEditorFlags: 0
  m_IsActive: 1
--- !u!1 &115572
GameObject:
  m_ObjectHideFlags: 1
  m_PrefabParentObject: {fileID: 0}
  m_PrefabInternal: {fileID: 100100000}
  serializedVersion: 4
  m_Component:
  - 4: {fileID: 488590}
  m_Layer: 0
  m_Name: Spine1
  m_TagString: Untagged
  m_Icon: {fileID: 0}
  m_NavMeshLayer: 0
  m_StaticEditorFlags: 0
  m_IsActive: 1
--- !u!1 &115970
GameObject:
  m_ObjectHideFlags: 1
  m_PrefabParentObject: {fileID: 0}
  m_PrefabInternal: {fileID: 100100000}
  serializedVersion: 4
  m_Component:
  - 4: {fileID: 472930}
  m_Layer: 0
  m_Name: LeftHandThumb1
  m_TagString: Untagged
  m_Icon: {fileID: 0}
  m_NavMeshLayer: 0
  m_StaticEditorFlags: 0
  m_IsActive: 1
--- !u!1 &116328
GameObject:
  m_ObjectHideFlags: 1
  m_PrefabParentObject: {fileID: 0}
  m_PrefabInternal: {fileID: 100100000}
  serializedVersion: 4
  m_Component:
  - 4: {fileID: 464572}
  m_Layer: 0
  m_Name: RightLeg
  m_TagString: Untagged
  m_Icon: {fileID: 0}
  m_NavMeshLayer: 0
  m_StaticEditorFlags: 0
  m_IsActive: 1
--- !u!1 &119366
GameObject:
  m_ObjectHideFlags: 1
  m_PrefabParentObject: {fileID: 0}
  m_PrefabInternal: {fileID: 100100000}
  serializedVersion: 4
  m_Component:
  - 4: {fileID: 411830}
  m_Layer: 0
  m_Name: LeftHandPinky1
  m_TagString: Untagged
  m_Icon: {fileID: 0}
  m_NavMeshLayer: 0
  m_StaticEditorFlags: 0
  m_IsActive: 1
--- !u!1 &120030
GameObject:
  m_ObjectHideFlags: 1
  m_PrefabParentObject: {fileID: 0}
  m_PrefabInternal: {fileID: 100100000}
  serializedVersion: 4
  m_Component:
  - 4: {fileID: 478206}
  m_Layer: 0
  m_Name: LeftHandPinky3
  m_TagString: Untagged
  m_Icon: {fileID: 0}
  m_NavMeshLayer: 0
  m_StaticEditorFlags: 0
  m_IsActive: 1
--- !u!1 &120306
GameObject:
  m_ObjectHideFlags: 1
  m_PrefabParentObject: {fileID: 0}
  m_PrefabInternal: {fileID: 100100000}
  serializedVersion: 4
  m_Component:
  - 4: {fileID: 442136}
  m_Layer: 0
  m_Name: LeftUpperEyelid
  m_TagString: Untagged
  m_Icon: {fileID: 0}
  m_NavMeshLayer: 0
  m_StaticEditorFlags: 0
  m_IsActive: 1
--- !u!1 &122150
GameObject:
  m_ObjectHideFlags: 1
  m_PrefabParentObject: {fileID: 0}
  m_PrefabInternal: {fileID: 100100000}
  serializedVersion: 4
  m_Component:
  - 4: {fileID: 458840}
  m_Layer: 0
  m_Name: LeftHandThumb3
  m_TagString: Untagged
  m_Icon: {fileID: 0}
  m_NavMeshLayer: 0
  m_StaticEditorFlags: 0
  m_IsActive: 1
--- !u!1 &123364
GameObject:
  m_ObjectHideFlags: 1
  m_PrefabParentObject: {fileID: 0}
  m_PrefabInternal: {fileID: 100100000}
  serializedVersion: 4
  m_Component:
  - 4: {fileID: 461034}
  m_Layer: 0
  m_Name: Neck
  m_TagString: Untagged
  m_Icon: {fileID: 0}
  m_NavMeshLayer: 0
  m_StaticEditorFlags: 0
  m_IsActive: 1
--- !u!1 &123552
GameObject:
  m_ObjectHideFlags: 1
  m_PrefabParentObject: {fileID: 0}
  m_PrefabInternal: {fileID: 100100000}
  serializedVersion: 4
  m_Component:
  - 4: {fileID: 435874}
  m_Layer: 0
  m_Name: RightHandPinky1
  m_TagString: Untagged
  m_Icon: {fileID: 0}
  m_NavMeshLayer: 0
  m_StaticEditorFlags: 0
  m_IsActive: 1
--- !u!1 &124202
GameObject:
  m_ObjectHideFlags: 1
  m_PrefabParentObject: {fileID: 0}
  m_PrefabInternal: {fileID: 100100000}
  serializedVersion: 4
  m_Component:
  - 4: {fileID: 450704}
  m_Layer: 0
  m_Name: LeftHandThumb2
  m_TagString: Untagged
  m_Icon: {fileID: 0}
  m_NavMeshLayer: 0
  m_StaticEditorFlags: 0
  m_IsActive: 1
--- !u!1 &124408
GameObject:
  m_ObjectHideFlags: 1
  m_PrefabParentObject: {fileID: 0}
  m_PrefabInternal: {fileID: 100100000}
  serializedVersion: 4
  m_Component:
  - 4: {fileID: 466222}
  m_Layer: 0
  m_Name: LeftHandIndex1
  m_TagString: Untagged
  m_Icon: {fileID: 0}
  m_NavMeshLayer: 0
  m_StaticEditorFlags: 0
  m_IsActive: 1
--- !u!1 &125174
GameObject:
  m_ObjectHideFlags: 1
  m_PrefabParentObject: {fileID: 0}
  m_PrefabInternal: {fileID: 100100000}
  serializedVersion: 4
  m_Component:
  - 4: {fileID: 469170}
  m_Layer: 0
  m_Name: RightFoot
  m_TagString: Untagged
  m_Icon: {fileID: 0}
  m_NavMeshLayer: 0
  m_StaticEditorFlags: 0
  m_IsActive: 1
--- !u!1 &126492
GameObject:
  m_ObjectHideFlags: 1
  m_PrefabParentObject: {fileID: 0}
  m_PrefabInternal: {fileID: 100100000}
  serializedVersion: 4
  m_Component:
  - 4: {fileID: 429434}
  m_Layer: 0
  m_Name: Bone011
  m_TagString: Untagged
  m_Icon: {fileID: 0}
  m_NavMeshLayer: 0
  m_StaticEditorFlags: 0
  m_IsActive: 1
--- !u!1 &126694
GameObject:
  m_ObjectHideFlags: 1
  m_PrefabParentObject: {fileID: 0}
  m_PrefabInternal: {fileID: 100100000}
  serializedVersion: 4
  m_Component:
  - 4: {fileID: 475444}
  m_Layer: 0
  m_Name: Bone046(mirrored)
  m_TagString: Untagged
  m_Icon: {fileID: 0}
  m_NavMeshLayer: 0
  m_StaticEditorFlags: 0
  m_IsActive: 1
--- !u!1 &127636
GameObject:
  m_ObjectHideFlags: 1
  m_PrefabParentObject: {fileID: 0}
  m_PrefabInternal: {fileID: 100100000}
  serializedVersion: 4
  m_Component:
  - 4: {fileID: 434110}
  m_Layer: 0
  m_Name: RightToeBase
  m_TagString: Untagged
  m_Icon: {fileID: 0}
  m_NavMeshLayer: 0
  m_StaticEditorFlags: 0
  m_IsActive: 1
--- !u!1 &130100
GameObject:
  m_ObjectHideFlags: 1
  m_PrefabParentObject: {fileID: 0}
  m_PrefabInternal: {fileID: 100100000}
  serializedVersion: 4
  m_Component:
  - 4: {fileID: 414042}
  m_Layer: 0
  m_Name: RightHandIndex2
  m_TagString: Untagged
  m_Icon: {fileID: 0}
  m_NavMeshLayer: 0
  m_StaticEditorFlags: 0
  m_IsActive: 1
--- !u!1 &133038
GameObject:
  m_ObjectHideFlags: 1
  m_PrefabParentObject: {fileID: 0}
  m_PrefabInternal: {fileID: 100100000}
  serializedVersion: 4
  m_Component:
  - 4: {fileID: 478028}
  m_Layer: 0
  m_Name: LeftHandIndex2
  m_TagString: Untagged
  m_Icon: {fileID: 0}
  m_NavMeshLayer: 0
  m_StaticEditorFlags: 0
  m_IsActive: 1
--- !u!1 &134526
GameObject:
  m_ObjectHideFlags: 1
  m_PrefabParentObject: {fileID: 0}
  m_PrefabInternal: {fileID: 100100000}
  serializedVersion: 4
  m_Component:
  - 4: {fileID: 498342}
  m_Layer: 0
  m_Name: LeftHandRing2
  m_TagString: Untagged
  m_Icon: {fileID: 0}
  m_NavMeshLayer: 0
  m_StaticEditorFlags: 0
  m_IsActive: 1
--- !u!1 &139102
GameObject:
  m_ObjectHideFlags: 1
  m_PrefabParentObject: {fileID: 0}
  m_PrefabInternal: {fileID: 100100000}
  serializedVersion: 4
  m_Component:
  - 4: {fileID: 413760}
  m_Layer: 0
  m_Name: RightHandRing3
  m_TagString: Untagged
  m_Icon: {fileID: 0}
  m_NavMeshLayer: 0
  m_StaticEditorFlags: 0
  m_IsActive: 1
--- !u!1 &139424
GameObject:
  m_ObjectHideFlags: 1
  m_PrefabParentObject: {fileID: 0}
  m_PrefabInternal: {fileID: 100100000}
  serializedVersion: 4
  m_Component:
  - 4: {fileID: 434878}
  m_Layer: 0
  m_Name: RightUpLeg
  m_TagString: Untagged
  m_Icon: {fileID: 0}
  m_NavMeshLayer: 0
  m_StaticEditorFlags: 0
  m_IsActive: 1
--- !u!1 &141982
GameObject:
  m_ObjectHideFlags: 1
  m_PrefabParentObject: {fileID: 0}
  m_PrefabInternal: {fileID: 100100000}
  serializedVersion: 4
  m_Component:
  - 4: {fileID: 478480}
  m_Layer: 0
  m_Name: Bone011(mirrored)
  m_TagString: Untagged
  m_Icon: {fileID: 0}
  m_NavMeshLayer: 0
  m_StaticEditorFlags: 0
  m_IsActive: 1
--- !u!1 &142366
GameObject:
  m_ObjectHideFlags: 1
  m_PrefabParentObject: {fileID: 0}
  m_PrefabInternal: {fileID: 100100000}
  serializedVersion: 4
  m_Component:
  - 4: {fileID: 445576}
  m_Layer: 0
  m_Name: RightArm
  m_TagString: Untagged
  m_Icon: {fileID: 0}
  m_NavMeshLayer: 0
  m_StaticEditorFlags: 0
  m_IsActive: 1
--- !u!1 &142706
GameObject:
  m_ObjectHideFlags: 1
  m_PrefabParentObject: {fileID: 0}
  m_PrefabInternal: {fileID: 100100000}
  serializedVersion: 4
  m_Component:
  - 4: {fileID: 495882}
  m_Layer: 0
  m_Name: RightHandIndex1
  m_TagString: Untagged
  m_Icon: {fileID: 0}
  m_NavMeshLayer: 0
  m_StaticEditorFlags: 0
  m_IsActive: 1
--- !u!1 &145472
GameObject:
  m_ObjectHideFlags: 1
  m_PrefabParentObject: {fileID: 0}
  m_PrefabInternal: {fileID: 100100000}
  serializedVersion: 4
  m_Component:
  - 4: {fileID: 442224}
  m_Layer: 0
  m_Name: Bone043
  m_TagString: Untagged
  m_Icon: {fileID: 0}
  m_NavMeshLayer: 0
  m_StaticEditorFlags: 0
  m_IsActive: 1
--- !u!1 &145832
GameObject:
  m_ObjectHideFlags: 1
  m_PrefabParentObject: {fileID: 0}
  m_PrefabInternal: {fileID: 100100000}
  serializedVersion: 4
  m_Component:
  - 4: {fileID: 499982}
  m_Layer: 0
  m_Name: LeftForeArm
  m_TagString: Untagged
  m_Icon: {fileID: 0}
  m_NavMeshLayer: 0
  m_StaticEditorFlags: 0
  m_IsActive: 1
--- !u!1 &149394
GameObject:
  m_ObjectHideFlags: 1
  m_PrefabParentObject: {fileID: 0}
  m_PrefabInternal: {fileID: 100100000}
  serializedVersion: 4
  m_Component:
  - 4: {fileID: 439724}
  m_Layer: 0
  m_Name: Tail4
  m_TagString: Untagged
  m_Icon: {fileID: 0}
  m_NavMeshLayer: 0
  m_StaticEditorFlags: 0
  m_IsActive: 1
--- !u!1 &150014
GameObject:
  m_ObjectHideFlags: 1
  m_PrefabParentObject: {fileID: 0}
  m_PrefabInternal: {fileID: 100100000}
  serializedVersion: 4
  m_Component:
  - 4: {fileID: 472888}
  m_Layer: 0
  m_Name: LeftHandRing1
  m_TagString: Untagged
  m_Icon: {fileID: 0}
  m_NavMeshLayer: 0
  m_StaticEditorFlags: 0
  m_IsActive: 1
--- !u!1 &150684
GameObject:
  m_ObjectHideFlags: 1
  m_PrefabParentObject: {fileID: 0}
  m_PrefabInternal: {fileID: 100100000}
  serializedVersion: 4
  m_Component:
  - 4: {fileID: 490934}
  m_Layer: 0
  m_Name: Tail3
  m_TagString: Untagged
  m_Icon: {fileID: 0}
  m_NavMeshLayer: 0
  m_StaticEditorFlags: 0
  m_IsActive: 1
--- !u!1 &152286
GameObject:
  m_ObjectHideFlags: 1
  m_PrefabParentObject: {fileID: 0}
  m_PrefabInternal: {fileID: 100100000}
  serializedVersion: 4
  m_Component:
  - 4: {fileID: 428782}
  m_Layer: 0
  m_Name: RightHandRing2
  m_TagString: Untagged
  m_Icon: {fileID: 0}
  m_NavMeshLayer: 0
  m_StaticEditorFlags: 0
  m_IsActive: 1
--- !u!1 &152464
GameObject:
  m_ObjectHideFlags: 1
  m_PrefabParentObject: {fileID: 0}
  m_PrefabInternal: {fileID: 100100000}
  serializedVersion: 4
  m_Component:
  - 4: {fileID: 438862}
  m_Layer: 0
  m_Name: LeftHandPinky2
  m_TagString: Untagged
  m_Icon: {fileID: 0}
  m_NavMeshLayer: 0
  m_StaticEditorFlags: 0
  m_IsActive: 1
--- !u!1 &152610
GameObject:
  m_ObjectHideFlags: 1
  m_PrefabParentObject: {fileID: 0}
  m_PrefabInternal: {fileID: 100100000}
  serializedVersion: 4
  m_Component:
  - 4: {fileID: 440756}
  m_Layer: 0
  m_Name: Tail1
  m_TagString: Untagged
  m_Icon: {fileID: 0}
  m_NavMeshLayer: 0
  m_StaticEditorFlags: 0
  m_IsActive: 1
--- !u!1 &153526
GameObject:
  m_ObjectHideFlags: 1
  m_PrefabParentObject: {fileID: 0}
  m_PrefabInternal: {fileID: 100100000}
  serializedVersion: 4
  m_Component:
  - 4: {fileID: 421324}
  m_Layer: 0
  m_Name: Tail2
  m_TagString: Untagged
  m_Icon: {fileID: 0}
  m_NavMeshLayer: 0
  m_StaticEditorFlags: 0
  m_IsActive: 1
--- !u!1 &154050
GameObject:
  m_ObjectHideFlags: 1
  m_PrefabParentObject: {fileID: 0}
  m_PrefabInternal: {fileID: 100100000}
  serializedVersion: 4
  m_Component:
  - 4: {fileID: 403636}
  m_Layer: 0
  m_Name: LeftLeg
  m_TagString: Untagged
  m_Icon: {fileID: 0}
  m_NavMeshLayer: 0
  m_StaticEditorFlags: 0
  m_IsActive: 1
--- !u!1 &154132
GameObject:
  m_ObjectHideFlags: 0
  m_PrefabParentObject: {fileID: 0}
  m_PrefabInternal: {fileID: 100100000}
  serializedVersion: 4
  m_Component:
  - 4: {fileID: 438490}
  - 111: {fileID: 11181678}
  m_Layer: 0
  m_Name: Crocodile1
  m_TagString: Untagged
  m_Icon: {fileID: 0}
  m_NavMeshLayer: 0
  m_StaticEditorFlags: 0
  m_IsActive: 1
--- !u!1 &154870
GameObject:
  m_ObjectHideFlags: 1
  m_PrefabParentObject: {fileID: 0}
  m_PrefabInternal: {fileID: 100100000}
  serializedVersion: 4
  m_Component:
  - 4: {fileID: 493936}
  m_Layer: 0
  m_Name: RightHandThumb2
  m_TagString: Untagged
  m_Icon: {fileID: 0}
  m_NavMeshLayer: 0
  m_StaticEditorFlags: 0
  m_IsActive: 1
--- !u!1 &154930
GameObject:
  m_ObjectHideFlags: 1
  m_PrefabParentObject: {fileID: 0}
  m_PrefabInternal: {fileID: 100100000}
  serializedVersion: 4
  m_Component:
  - 4: {fileID: 437090}
  m_Layer: 0
  m_Name: RightHandThumb1
  m_TagString: Untagged
  m_Icon: {fileID: 0}
  m_NavMeshLayer: 0
  m_StaticEditorFlags: 0
  m_IsActive: 1
--- !u!1 &155648
GameObject:
  m_ObjectHideFlags: 1
  m_PrefabParentObject: {fileID: 0}
  m_PrefabInternal: {fileID: 100100000}
  serializedVersion: 4
  m_Component:
  - 4: {fileID: 413746}
  m_Layer: 0
  m_Name: Nose
  m_TagString: Untagged
  m_Icon: {fileID: 0}
  m_NavMeshLayer: 0
  m_StaticEditorFlags: 0
  m_IsActive: 1
--- !u!1 &156064
GameObject:
  m_ObjectHideFlags: 1
  m_PrefabParentObject: {fileID: 0}
  m_PrefabInternal: {fileID: 100100000}
  serializedVersion: 4
  m_Component:
  - 4: {fileID: 421560}
  m_Layer: 0
  m_Name: LeftUpLeg
  m_TagString: Untagged
  m_Icon: {fileID: 0}
  m_NavMeshLayer: 0
  m_StaticEditorFlags: 0
  m_IsActive: 1
--- !u!1 &156230
GameObject:
  m_ObjectHideFlags: 1
  m_PrefabParentObject: {fileID: 0}
  m_PrefabInternal: {fileID: 100100000}
  serializedVersion: 4
  m_Component:
  - 4: {fileID: 420384}
  m_Layer: 0
  m_Name: RightLowerEyelid
  m_TagString: Untagged
  m_Icon: {fileID: 0}
  m_NavMeshLayer: 0
  m_StaticEditorFlags: 0
  m_IsActive: 1
--- !u!1 &156668
GameObject:
  m_ObjectHideFlags: 0
  m_PrefabParentObject: {fileID: 0}
  m_PrefabInternal: {fileID: 100100000}
  serializedVersion: 4
  m_Component:
  - 4: {fileID: 473330}
  - 137: {fileID: 13722668}
  m_Layer: 0
  m_Name: krakadil
  m_TagString: Untagged
  m_Icon: {fileID: 0}
  m_NavMeshLayer: 0
  m_StaticEditorFlags: 0
  m_IsActive: 1
--- !u!1 &159058
GameObject:
  m_ObjectHideFlags: 1
  m_PrefabParentObject: {fileID: 0}
  m_PrefabInternal: {fileID: 100100000}
  serializedVersion: 4
  m_Component:
  - 4: {fileID: 467734}
  m_Layer: 0
  m_Name: RightHandPinky3
  m_TagString: Untagged
  m_Icon: {fileID: 0}
  m_NavMeshLayer: 0
  m_StaticEditorFlags: 0
  m_IsActive: 1
--- !u!1 &159780
GameObject:
  m_ObjectHideFlags: 1
  m_PrefabParentObject: {fileID: 0}
  m_PrefabInternal: {fileID: 100100000}
  serializedVersion: 4
  m_Component:
  - 4: {fileID: 462742}
  m_Layer: 0
  m_Name: Head
  m_TagString: Untagged
  m_Icon: {fileID: 0}
  m_NavMeshLayer: 0
  m_StaticEditorFlags: 0
  m_IsActive: 1
--- !u!1 &159982
GameObject:
  m_ObjectHideFlags: 1
  m_PrefabParentObject: {fileID: 0}
  m_PrefabInternal: {fileID: 100100000}
  serializedVersion: 4
  m_Component:
  - 4: {fileID: 446098}
  m_Layer: 0
  m_Name: Bone006
  m_TagString: Untagged
  m_Icon: {fileID: 0}
  m_NavMeshLayer: 0
  m_StaticEditorFlags: 0
  m_IsActive: 1
--- !u!1 &161222
GameObject:
  m_ObjectHideFlags: 1
  m_PrefabParentObject: {fileID: 0}
  m_PrefabInternal: {fileID: 100100000}
  serializedVersion: 4
  m_Component:
  - 4: {fileID: 413960}
  m_Layer: 0
  m_Name: LeftLowerEyelid
  m_TagString: Untagged
  m_Icon: {fileID: 0}
  m_NavMeshLayer: 0
  m_StaticEditorFlags: 0
  m_IsActive: 1
--- !u!1 &161244
GameObject:
  m_ObjectHideFlags: 1
  m_PrefabParentObject: {fileID: 0}
  m_PrefabInternal: {fileID: 100100000}
  serializedVersion: 4
  m_Component:
  - 4: {fileID: 440396}
  m_Layer: 0
  m_Name: RightHandPinky2
  m_TagString: Untagged
  m_Icon: {fileID: 0}
  m_NavMeshLayer: 0
  m_StaticEditorFlags: 0
  m_IsActive: 1
--- !u!1 &161580
GameObject:
  m_ObjectHideFlags: 1
  m_PrefabParentObject: {fileID: 0}
  m_PrefabInternal: {fileID: 100100000}
  serializedVersion: 4
  m_Component:
  - 4: {fileID: 468804}
  m_Layer: 0
  m_Name: Bone046
  m_TagString: Untagged
  m_Icon: {fileID: 0}
  m_NavMeshLayer: 0
  m_StaticEditorFlags: 0
  m_IsActive: 1
--- !u!1 &161744
GameObject:
  m_ObjectHideFlags: 1
  m_PrefabParentObject: {fileID: 0}
  m_PrefabInternal: {fileID: 100100000}
  serializedVersion: 4
  m_Component:
  - 4: {fileID: 487834}
  m_Layer: 0
  m_Name: LeftToeBase
  m_TagString: Untagged
  m_Icon: {fileID: 0}
  m_NavMeshLayer: 0
  m_StaticEditorFlags: 0
  m_IsActive: 1
--- !u!1 &162124
GameObject:
  m_ObjectHideFlags: 0
  m_PrefabParentObject: {fileID: 0}
  m_PrefabInternal: {fileID: 100100000}
  serializedVersion: 4
  m_Component:
  - 4: {fileID: 488184}
  m_Layer: 0
  m_Name: Hips
  m_TagString: Untagged
  m_Icon: {fileID: 0}
  m_NavMeshLayer: 0
  m_StaticEditorFlags: 0
  m_IsActive: 1
--- !u!1 &163950
GameObject:
  m_ObjectHideFlags: 1
  m_PrefabParentObject: {fileID: 0}
  m_PrefabInternal: {fileID: 100100000}
  serializedVersion: 4
  m_Component:
  - 4: {fileID: 419992}
  m_Layer: 0
  m_Name: LeftHandIndex3
  m_TagString: Untagged
  m_Icon: {fileID: 0}
  m_NavMeshLayer: 0
  m_StaticEditorFlags: 0
  m_IsActive: 1
--- !u!1 &170450
GameObject:
  m_ObjectHideFlags: 1
  m_PrefabParentObject: {fileID: 0}
  m_PrefabInternal: {fileID: 100100000}
  serializedVersion: 4
  m_Component:
  - 4: {fileID: 433922}
  m_Layer: 0
  m_Name: RightHandThumb3
  m_TagString: Untagged
  m_Icon: {fileID: 0}
  m_NavMeshLayer: 0
  m_StaticEditorFlags: 0
  m_IsActive: 1
--- !u!1 &173666
GameObject:
  m_ObjectHideFlags: 0
  m_PrefabParentObject: {fileID: 0}
  m_PrefabInternal: {fileID: 100100000}
  serializedVersion: 4
  m_Component:
  - 4: {fileID: 406530}
  - 137: {fileID: 13771826}
  m_Layer: 0
  m_Name: Box001
  m_TagString: Untagged
  m_Icon: {fileID: 0}
  m_NavMeshLayer: 0
  m_StaticEditorFlags: 0
  m_IsActive: 1
--- !u!1 &179252
GameObject:
  m_ObjectHideFlags: 0
  m_PrefabParentObject: {fileID: 0}
  m_PrefabInternal: {fileID: 100100000}
  serializedVersion: 4
  m_Component:
  - 4: {fileID: 486418}
  - 137: {fileID: 13736968}
  m_Layer: 0
  m_Name: krakadil1
  m_TagString: Untagged
  m_Icon: {fileID: 0}
  m_NavMeshLayer: 0
  m_StaticEditorFlags: 0
  m_IsActive: 0
--- !u!1 &180814
GameObject:
  m_ObjectHideFlags: 1
  m_PrefabParentObject: {fileID: 0}
  m_PrefabInternal: {fileID: 100100000}
  serializedVersion: 4
  m_Component:
  - 4: {fileID: 428704}
  m_Layer: 0
  m_Name: RightHandIndex3
  m_TagString: Untagged
  m_Icon: {fileID: 0}
  m_NavMeshLayer: 0
  m_StaticEditorFlags: 0
  m_IsActive: 1
--- !u!1 &181206
GameObject:
  m_ObjectHideFlags: 1
  m_PrefabParentObject: {fileID: 0}
  m_PrefabInternal: {fileID: 100100000}
  serializedVersion: 4
  m_Component:
  - 4: {fileID: 496170}
  m_Layer: 0
  m_Name: RightHandRing1
  m_TagString: Untagged
  m_Icon: {fileID: 0}
  m_NavMeshLayer: 0
  m_StaticEditorFlags: 0
  m_IsActive: 1
--- !u!1 &183564
GameObject:
  m_ObjectHideFlags: 1
  m_PrefabParentObject: {fileID: 0}
  m_PrefabInternal: {fileID: 100100000}
  serializedVersion: 4
  m_Component:
  - 4: {fileID: 406334}
  m_Layer: 0
  m_Name: LeftFoot
  m_TagString: Untagged
  m_Icon: {fileID: 0}
  m_NavMeshLayer: 0
  m_StaticEditorFlags: 0
  m_IsActive: 1
--- !u!1 &185066
GameObject:
  m_ObjectHideFlags: 1
  m_PrefabParentObject: {fileID: 0}
  m_PrefabInternal: {fileID: 100100000}
  serializedVersion: 4
  m_Component:
  - 4: {fileID: 419520}
  m_Layer: 0
  m_Name: RightUpperEyelid
  m_TagString: Untagged
  m_Icon: {fileID: 0}
  m_NavMeshLayer: 0
  m_StaticEditorFlags: 0
  m_IsActive: 1
--- !u!1 &186558
GameObject:
  m_ObjectHideFlags: 1
  m_PrefabParentObject: {fileID: 0}
  m_PrefabInternal: {fileID: 100100000}
  serializedVersion: 4
  m_Component:
  - 4: {fileID: 431950}
  m_Layer: 0
  m_Name: Bone048(mirrored)
  m_TagString: Untagged
  m_Icon: {fileID: 0}
  m_NavMeshLayer: 0
  m_StaticEditorFlags: 0
  m_IsActive: 1
--- !u!1 &188594
GameObject:
  m_ObjectHideFlags: 1
  m_PrefabParentObject: {fileID: 0}
  m_PrefabInternal: {fileID: 100100000}
  serializedVersion: 4
  m_Component:
  - 4: {fileID: 435586}
  m_Layer: 0
  m_Name: RightHand
  m_TagString: Untagged
  m_Icon: {fileID: 0}
  m_NavMeshLayer: 0
  m_StaticEditorFlags: 0
  m_IsActive: 1
--- !u!1 &189216
GameObject:
  m_ObjectHideFlags: 1
  m_PrefabParentObject: {fileID: 0}
  m_PrefabInternal: {fileID: 100100000}
  serializedVersion: 4
  m_Component:
  - 4: {fileID: 444136}
  m_Layer: 0
  m_Name: LeftShoulder
  m_TagString: Untagged
  m_Icon: {fileID: 0}
  m_NavMeshLayer: 0
  m_StaticEditorFlags: 0
  m_IsActive: 1
--- !u!1 &190776
GameObject:
  m_ObjectHideFlags: 1
  m_PrefabParentObject: {fileID: 0}
  m_PrefabInternal: {fileID: 100100000}
  serializedVersion: 4
  m_Component:
  - 4: {fileID: 484924}
  m_Layer: 0
  m_Name: LeftHandRing3
  m_TagString: Untagged
  m_Icon: {fileID: 0}
  m_NavMeshLayer: 0
  m_StaticEditorFlags: 0
  m_IsActive: 1
--- !u!1 &194798
GameObject:
  m_ObjectHideFlags: 1
  m_PrefabParentObject: {fileID: 0}
  m_PrefabInternal: {fileID: 100100000}
  serializedVersion: 4
  m_Component:
  - 4: {fileID: 499378}
  m_Layer: 0
  m_Name: Spine
  m_TagString: Untagged
  m_Icon: {fileID: 0}
  m_NavMeshLayer: 0
  m_StaticEditorFlags: 0
  m_IsActive: 1
--- !u!1 &197510
GameObject:
  m_ObjectHideFlags: 1
  m_PrefabParentObject: {fileID: 0}
  m_PrefabInternal: {fileID: 100100000}
  serializedVersion: 4
  m_Component:
  - 4: {fileID: 494374}
  m_Layer: 0
  m_Name: Jaw
  m_TagString: Untagged
  m_Icon: {fileID: 0}
  m_NavMeshLayer: 0
  m_StaticEditorFlags: 0
  m_IsActive: 1
--- !u!1 &197548
GameObject:
  m_ObjectHideFlags: 1
  m_PrefabParentObject: {fileID: 0}
  m_PrefabInternal: {fileID: 100100000}
  serializedVersion: 4
  m_Component:
  - 4: {fileID: 435876}
  m_Layer: 0
  m_Name: Bone048
  m_TagString: Untagged
  m_Icon: {fileID: 0}
  m_NavMeshLayer: 0
  m_StaticEditorFlags: 0
  m_IsActive: 1
--- !u!1 &199336
GameObject:
  m_ObjectHideFlags: 0
  m_PrefabParentObject: {fileID: 0}
  m_PrefabInternal: {fileID: 100100000}
  serializedVersion: 4
  m_Component:
  - 4: {fileID: 418016}
  - 137: {fileID: 13774742}
  m_Layer: 0
  m_Name: krakadil3
  m_TagString: Untagged
  m_Icon: {fileID: 0}
  m_NavMeshLayer: 0
  m_StaticEditorFlags: 0
  m_IsActive: 0
--- !u!4 &403636
Transform:
  m_ObjectHideFlags: 1
  m_PrefabParentObject: {fileID: 0}
  m_PrefabInternal: {fileID: 100100000}
  m_GameObject: {fileID: 154050}
  m_LocalRotation: {x: 0.000000075676724, y: -0.0000001739287, z: -0.51622206, w: 0.8564548}
  m_LocalPosition: {x: -0.037628036, y: 0.000000009536743, z: -0.0000000047683715}
  m_LocalScale: {x: 0.9999999, y: 1.0000001, z: 1}
  m_Children:
  - {fileID: 406334}
  m_Father: {fileID: 421560}
  m_RootOrder: 0
--- !u!4 &406334
Transform:
  m_ObjectHideFlags: 1
  m_PrefabParentObject: {fileID: 0}
  m_PrefabInternal: {fileID: 100100000}
  m_GameObject: {fileID: 183564}
  m_LocalRotation: {x: 0.0111891385, y: 0.04520208, z: 0.866448, w: 0.49709108}
  m_LocalPosition: {x: -0.039494563, y: 0.0000000047683715, z: 0.000000014305114}
  m_LocalScale: {x: 0.9999998, y: 1.0000001, z: 0.99999994}
  m_Children:
  - {fileID: 487834}
  m_Father: {fileID: 403636}
  m_RootOrder: 0
--- !u!4 &406530
Transform:
  m_ObjectHideFlags: 1
  m_PrefabParentObject: {fileID: 0}
  m_PrefabInternal: {fileID: 100100000}
  m_GameObject: {fileID: 173666}
  m_LocalRotation: {x: -0.7071068, y: 0, z: -0, w: 0.7071068}
  m_LocalPosition: {x: 0, y: 0, z: -0.0002761936}
  m_LocalScale: {x: 1, y: 1, z: 1}
  m_Children: []
  m_Father: {fileID: 438490}
  m_RootOrder: 0
--- !u!4 &411830
Transform:
  m_ObjectHideFlags: 1
  m_PrefabParentObject: {fileID: 0}
  m_PrefabInternal: {fileID: 100100000}
  m_GameObject: {fileID: 119366}
  m_LocalRotation: {x: -0.7086378, y: -0.123171635, z: -0.015720276, w: 0.69456047}
  m_LocalPosition: {x: -0.022628546, y: -0.0032880593, z: -0.009791653}
  m_LocalScale: {x: 1.0000007, y: 1.0000002, z: 1.0000004}
  m_Children:
  - {fileID: 438862}
  m_Father: {fileID: 435364}
  m_RootOrder: 2
--- !u!4 &413746
Transform:
  m_ObjectHideFlags: 1
  m_PrefabParentObject: {fileID: 0}
  m_PrefabInternal: {fileID: 100100000}
  m_GameObject: {fileID: 155648}
  m_LocalRotation: {x: -0.63908374, y: 0.30228594, z: 0.30162203, w: 0.63970256}
  m_LocalPosition: {x: -0.021385536, y: -0.00050713064, z: 0.061581157}
  m_LocalScale: {x: 1.0000002, y: 1, z: 1.0000001}
  m_Children: []
  m_Father: {fileID: 462742}
  m_RootOrder: 4
--- !u!4 &413760
Transform:
  m_ObjectHideFlags: 1
  m_PrefabParentObject: {fileID: 0}
  m_PrefabInternal: {fileID: 100100000}
  m_GameObject: {fileID: 139102}
  m_LocalRotation: {x: 3.4942524e-10, y: -0.11686541, z: -0.000000006991993, w: 0.9931478}
  m_LocalPosition: {x: -0.010343456, y: 0.00000004529953, z: -0.000000019073486}
  m_LocalScale: {x: 1, y: 1, z: 1}
  m_Children: []
  m_Father: {fileID: 428782}
  m_RootOrder: 0
--- !u!4 &413960
Transform:
  m_ObjectHideFlags: 1
  m_PrefabParentObject: {fileID: 0}
  m_PrefabInternal: {fileID: 100100000}
  m_GameObject: {fileID: 161222}
  m_LocalRotation: {x: 0.6287085, y: 0.51139593, z: -0.3246028, w: 0.4876811}
  m_LocalPosition: {x: -0.04602749, y: -0.017463608, z: 0.019955628}
  m_LocalScale: {x: 1.0000004, y: 1.0000002, z: 1}
  m_Children:
  - {fileID: 431950}
  m_Father: {fileID: 462742}
  m_RootOrder: 2
--- !u!4 &414042
Transform:
  m_ObjectHideFlags: 1
  m_PrefabParentObject: {fileID: 0}
  m_PrefabInternal: {fileID: 100100000}
  m_GameObject: {fileID: 130100}
  m_LocalRotation: {x: -0.00008176914, y: -0.07293427, z: -0.0011181321, w: 0.99733615}
  m_LocalPosition: {x: -0.011310062, y: -0.0000000013411044, z: 0}
  m_LocalScale: {x: 1, y: 1, z: 1}
  m_Children:
  - {fileID: 428704}
  m_Father: {fileID: 495882}
  m_RootOrder: 0
--- !u!4 &418016
Transform:
  m_ObjectHideFlags: 1
  m_PrefabParentObject: {fileID: 0}
  m_PrefabInternal: {fileID: 100100000}
  m_GameObject: {fileID: 199336}
  m_LocalRotation: {x: -0.7071068, y: 0, z: -0, w: 0.7071068}
  m_LocalPosition: {x: 0, y: 0, z: 0}
  m_LocalScale: {x: 1, y: 1, z: 1}
  m_Children: []
  m_Father: {fileID: 438490}
  m_RootOrder: 4
--- !u!4 &419520
Transform:
  m_ObjectHideFlags: 1
  m_PrefabParentObject: {fileID: 0}
  m_PrefabInternal: {fileID: 100100000}
  m_GameObject: {fileID: 185066}
  m_LocalRotation: {x: 0.6278927, y: -0.5120373, z: -0.32420588, w: -0.4883228}
  m_LocalPosition: {x: -0.046281125, y: 0.016536763, z: 0.019882401}
  m_LocalScale: {x: 1.0000002, y: 1.0000001, z: 1}
  m_Children:
  - {fileID: 468804}
  m_Father: {fileID: 462742}
  m_RootOrder: 6
--- !u!4 &419764
Transform:
  m_ObjectHideFlags: 1
  m_PrefabParentObject: {fileID: 0}
  m_PrefabInternal: {fileID: 100100000}
  m_GameObject: {fileID: 102634}
  m_LocalRotation: {x: -0.007471486, y: -0.043105774, z: -0.06981931, w: 0.9965999}
  m_LocalPosition: {x: -0.0370283, y: 0, z: 0}
  m_LocalScale: {x: 1.0000001, y: 1.0000001, z: 0.99999994}
  m_Children:
  - {fileID: 499982}
  m_Father: {fileID: 444136}
  m_RootOrder: 0
--- !u!4 &419992
Transform:
  m_ObjectHideFlags: 1
  m_PrefabParentObject: {fileID: 0}
  m_PrefabInternal: {fileID: 100100000}
  m_GameObject: {fileID: 163950}
  m_LocalRotation: {x: -0.000000005211573, y: -0.07293413, z: 0.00000001811999, w: 0.9973368}
  m_LocalPosition: {x: -0.010701589, y: 0.000000052005053, z: 0.000000019073486}
  m_LocalScale: {x: 0.9999999, y: 0.99999994, z: 0.9999998}
  m_Children: []
  m_Father: {fileID: 478028}
  m_RootOrder: 0
--- !u!4 &420384
Transform:
  m_ObjectHideFlags: 1
  m_PrefabParentObject: {fileID: 0}
  m_PrefabInternal: {fileID: 100100000}
  m_GameObject: {fileID: 156230}
  m_LocalRotation: {x: 0.6278927, y: -0.5120373, z: -0.32420588, w: -0.4883228}
  m_LocalPosition: {x: -0.045985926, y: 0.01653637, z: 0.0199689}
  m_LocalScale: {x: 1.0000002, y: 1.0000001, z: 1}
  m_Children:
  - {fileID: 435876}
  m_Father: {fileID: 462742}
  m_RootOrder: 5
--- !u!4 &421324
Transform:
  m_ObjectHideFlags: 1
  m_PrefabParentObject: {fileID: 0}
  m_PrefabInternal: {fileID: 100100000}
  m_GameObject: {fileID: 153526}
  m_LocalRotation: {x: 0.00000003090525, y: 0.0000000036048682, z: 0.11585687, w: 0.9932659}
  m_LocalPosition: {x: -0.034279898, y: 0.000000009536743, z: 0.000000003830769}
  m_LocalScale: {x: 1, y: 1, z: 1}
  m_Children:
  - {fileID: 490934}
  m_Father: {fileID: 440756}
  m_RootOrder: 0
--- !u!4 &421560
Transform:
  m_ObjectHideFlags: 1
  m_PrefabParentObject: {fileID: 0}
  m_PrefabInternal: {fileID: 100100000}
  m_GameObject: {fileID: 156064}
  m_LocalRotation: {x: -0.011172025, y: 0.74691164, z: -0.6648268, w: 0.0018684715}
  m_LocalPosition: {x: -0.027270436, y: -0.027520528, z: 0.010430259}
  m_LocalScale: {x: 1.0000001, y: 0.9999998, z: 0.99999976}
  m_Children:
  - {fileID: 403636}
  m_Father: {fileID: 488184}
  m_RootOrder: 0
--- !u!4 &428704
Transform:
  m_ObjectHideFlags: 1
  m_PrefabParentObject: {fileID: 0}
  m_PrefabInternal: {fileID: 100100000}
  m_GameObject: {fileID: 180814}
  m_LocalRotation: {x: 9.306487e-10, y: -0.072934344, z: -0.000000009620216, w: 0.99733675}
  m_LocalPosition: {x: -0.01070158, y: -0.000000039339064, z: 0}
  m_LocalScale: {x: 1, y: 1, z: 1}
  m_Children: []
  m_Father: {fileID: 414042}
  m_RootOrder: 0
--- !u!4 &428782
Transform:
  m_ObjectHideFlags: 1
  m_PrefabParentObject: {fileID: 0}
  m_PrefabInternal: {fileID: 100100000}
  m_GameObject: {fileID: 152286}
  m_LocalRotation: {x: 0.0007862578, y: -0.11686276, z: 0.0066817813, w: 0.9931253}
  m_LocalPosition: {x: -0.009950771, y: -5.9604643e-10, z: 0}
  m_LocalScale: {x: 1.0000001, y: 1.0000001, z: 1}
  m_Children:
  - {fileID: 413760}
  m_Father: {fileID: 496170}
  m_RootOrder: 0
--- !u!4 &429434
Transform:
  m_ObjectHideFlags: 1
  m_PrefabParentObject: {fileID: 0}
  m_PrefabInternal: {fileID: 100100000}
  m_GameObject: {fileID: 126492}
  m_LocalRotation: {x: 3.5001434e-16, y: 0.0000000039981387, z: -0.00000008754432,
    w: 1}
  m_LocalPosition: {x: -0.017906703, y: 0.00000085830686, z: -0.000000014305114}
  m_LocalScale: {x: 1, y: 1, z: 0.99999994}
  m_Children: []
  m_Father: {fileID: 435586}
  m_RootOrder: 0
--- !u!4 &431950
Transform:
  m_ObjectHideFlags: 1
  m_PrefabParentObject: {fileID: 0}
  m_PrefabInternal: {fileID: 100100000}
  m_GameObject: {fileID: 186558}
  m_LocalRotation: {x: 0.00000010058286, y: -0.000000011175849, z: 0.00000022351743,
    w: 1}
  m_LocalPosition: {x: -0.012057361, y: 0.000000019073486, z: 0.00000003695488}
  m_LocalScale: {x: 0.9999999, y: 0.9999998, z: 1}
  m_Children: []
  m_Father: {fileID: 413960}
  m_RootOrder: 0
--- !u!4 &433922
Transform:
  m_ObjectHideFlags: 1
  m_PrefabParentObject: {fileID: 0}
  m_PrefabInternal: {fileID: 100100000}
  m_GameObject: {fileID: 170450}
  m_LocalRotation: {x: 5.481726e-16, y: 0.000000007450581, z: -0.00000007357448, w: 1}
  m_LocalPosition: {x: -0.009597502, y: 0, z: -0.000000019073486}
  m_LocalScale: {x: 1, y: 1, z: 1}
  m_Children: []
  m_Father: {fileID: 493936}
  m_RootOrder: 0
--- !u!4 &434110
Transform:
  m_ObjectHideFlags: 1
  m_PrefabParentObject: {fileID: 0}
  m_PrefabInternal: {fileID: 100100000}
  m_GameObject: {fileID: 127636}
  m_LocalRotation: {x: 0.00000007191005, y: -0.00000001034604, z: -0.15647034, w: 0.9876827}
  m_LocalPosition: {x: -0.04264897, y: 0.000000019073486, z: 0.0000000047683715}
  m_LocalScale: {x: 1, y: 1, z: 1}
  m_Children:
  - {fileID: 457958}
  m_Father: {fileID: 469170}
  m_RootOrder: 0
--- !u!4 &434878
Transform:
  m_ObjectHideFlags: 1
  m_PrefabParentObject: {fileID: 0}
  m_PrefabInternal: {fileID: 100100000}
  m_GameObject: {fileID: 139424}
  m_LocalRotation: {x: 0.011172181, y: 0.7469118, z: 0.6648266, w: 0.0018682271}
  m_LocalPosition: {x: -0.027270455, y: 0.026479473, z: 0.01043028}
  m_LocalScale: {x: 1, y: 0.99999976, z: 1}
  m_Children:
  - {fileID: 464572}
  m_Father: {fileID: 488184}
  m_RootOrder: 1
--- !u!4 &435364
Transform:
  m_ObjectHideFlags: 1
  m_PrefabParentObject: {fileID: 0}
  m_PrefabInternal: {fileID: 100100000}
  m_GameObject: {fileID: 101372}
  m_LocalRotation: {x: -0.000000009825877, y: -0.00000081765046, z: -0.01884921, w: 0.9998223}
  m_LocalPosition: {x: -0.031656485, y: -0.000000019073486, z: 0.000000035762785}
  m_LocalScale: {x: 0.9999999, y: 0.9999999, z: 0.9999997}
  m_Children:
  - {fileID: 478480}
  - {fileID: 466222}
  - {fileID: 411830}
  - {fileID: 472888}
  - {fileID: 472930}
  m_Father: {fileID: 499982}
  m_RootOrder: 0
--- !u!4 &435586
Transform:
  m_ObjectHideFlags: 1
  m_PrefabParentObject: {fileID: 0}
  m_PrefabInternal: {fileID: 100100000}
  m_GameObject: {fileID: 188594}
  m_LocalRotation: {x: 0.000000029633298, y: -0.0000007565847, z: 0.018849451, w: 0.9998223}
  m_LocalPosition: {x: -0.03165649, y: 0.000000019073486, z: 0.000000028610229}
  m_LocalScale: {x: 1, y: 0.9999998, z: 0.99999994}
  m_Children:
  - {fileID: 429434}
  - {fileID: 495882}
  - {fileID: 435874}
  - {fileID: 496170}
  - {fileID: 437090}
  m_Father: {fileID: 461062}
  m_RootOrder: 0
--- !u!4 &435874
Transform:
  m_ObjectHideFlags: 1
  m_PrefabParentObject: {fileID: 0}
  m_PrefabInternal: {fileID: 100100000}
  m_GameObject: {fileID: 123552}
  m_LocalRotation: {x: 0.7086377, y: -0.12317163, z: 0.01572026, w: 0.69456047}
  m_LocalPosition: {x: -0.022628574, y: 0.0032880781, z: -0.009791634}
  m_LocalScale: {x: 1.0000001, y: 1, z: 1.0000001}
  m_Children:
  - {fileID: 440396}
  m_Father: {fileID: 435586}
  m_RootOrder: 2
--- !u!4 &435876
Transform:
  m_ObjectHideFlags: 1
  m_PrefabParentObject: {fileID: 0}
  m_PrefabInternal: {fileID: 100100000}
  m_GameObject: {fileID: 197548}
  m_LocalRotation: {x: -0.0000000037252903, y: -0.000000007450581, z: -0.000000014901161,
    w: 1}
  m_LocalPosition: {x: -0.012057361, y: 0, z: -0.0000000011920929}
  m_LocalScale: {x: 1, y: 1, z: 1}
  m_Children: []
  m_Father: {fileID: 420384}
  m_RootOrder: 0
--- !u!4 &437090
Transform:
  m_ObjectHideFlags: 1
  m_PrefabParentObject: {fileID: 0}
  m_PrefabInternal: {fileID: 100100000}
  m_GameObject: {fileID: 154930}
  m_LocalRotation: {x: 0.6481882, y: 0.090900436, z: -0.28443408, w: 0.7004902}
  m_LocalPosition: {x: -0.012746505, y: 0.0025738715, z: 0.009356345}
  m_LocalScale: {x: 1, y: 1, z: 1.0000001}
  m_Children:
  - {fileID: 493936}
  m_Father: {fileID: 435586}
  m_RootOrder: 4
--- !u!4 &438490
Transform:
  m_ObjectHideFlags: 1
  m_PrefabParentObject: {fileID: 0}
  m_PrefabInternal: {fileID: 100100000}
  m_GameObject: {fileID: 154132}
  m_LocalRotation: {x: 0, y: 0, z: 0, w: 1}
  m_LocalPosition: {x: 0, y: 0, z: -0.53}
  m_LocalScale: {x: 1, y: 1, z: 1}
  m_Children:
  - {fileID: 406530}
  - {fileID: 488184}
  - {fileID: 473330}
  - {fileID: 486418}
  - {fileID: 418016}
  m_Father: {fileID: 0}
  m_RootOrder: 0
--- !u!4 &438862
Transform:
  m_ObjectHideFlags: 1
  m_PrefabParentObject: {fileID: 0}
  m_PrefabInternal: {fileID: 100100000}
  m_GameObject: {fileID: 152464}
  m_LocalRotation: {x: 0.0050110044, y: -0.09078081, z: 0.054866236, w: 0.9943458}
  m_LocalPosition: {x: -0.0089367675, y: -0.00000006943941, z: 0}
  m_LocalScale: {x: 1.0000001, y: 1, z: 0.9999998}
  m_Children:
  - {fileID: 478206}
  m_Father: {fileID: 411830}
  m_RootOrder: 0
--- !u!4 &439724
Transform:
  m_ObjectHideFlags: 1
  m_PrefabParentObject: {fileID: 0}
  m_PrefabInternal: {fileID: 100100000}
  m_GameObject: {fileID: 149394}
  m_LocalRotation: {x: 0.000000009274415, y: 9.001972e-10, z: 0.0966122, w: 0.9953221}
  m_LocalPosition: {x: -0.029734343, y: -0.0000000047683715, z: 0.00000000288137}
  m_LocalScale: {x: 1, y: 1, z: 1}
  m_Children:
  - {fileID: 451550}
  m_Father: {fileID: 490934}
  m_RootOrder: 0
--- !u!4 &440396
Transform:
  m_ObjectHideFlags: 1
  m_PrefabParentObject: {fileID: 0}
  m_PrefabInternal: {fileID: 100100000}
  m_GameObject: {fileID: 161244}
  m_LocalRotation: {x: -0.005011249, y: -0.09078095, z: -0.05486617, w: 0.9943457}
  m_LocalPosition: {x: -0.008936739, y: 0.000000049471854, z: -0.000000019073486}
  m_LocalScale: {x: 1, y: 1.0000002, z: 0.99999994}
  m_Children:
  - {fileID: 467734}
  m_Father: {fileID: 435874}
  m_RootOrder: 0
--- !u!4 &440756
Transform:
  m_ObjectHideFlags: 1
  m_PrefabParentObject: {fileID: 0}
  m_PrefabInternal: {fileID: 100100000}
  m_GameObject: {fileID: 152610}
  m_LocalRotation: {x: 0.47352952, y: 0.52513796, z: 0.52513754, w: -0.47352985}
  m_LocalPosition: {x: -0.05289703, y: -0.00052052253, z: -0.028323315}
  m_LocalScale: {x: 1, y: 1, z: 1}
  m_Children:
  - {fileID: 421324}
  m_Father: {fileID: 488184}
  m_RootOrder: 3
--- !u!4 &442136
Transform:
  m_ObjectHideFlags: 1
  m_PrefabParentObject: {fileID: 0}
  m_PrefabInternal: {fileID: 100100000}
  m_GameObject: {fileID: 120306}
  m_LocalRotation: {x: 0.6287083, y: 0.5113962, z: -0.3246027, w: 0.48768112}
  m_LocalPosition: {x: -0.046322726, y: -0.017463211, z: 0.019869113}
  m_LocalScale: {x: 1.0000001, y: 0.99999994, z: 1.0000001}
  m_Children:
  - {fileID: 475444}
  m_Father: {fileID: 462742}
  m_RootOrder: 3
--- !u!4 &442224
Transform:
  m_ObjectHideFlags: 1
  m_PrefabParentObject: {fileID: 0}
  m_PrefabInternal: {fileID: 100100000}
  m_GameObject: {fileID: 145472}
  m_LocalRotation: {x: -7.2759567e-12, y: 1.8189892e-12, z: 0.0000000074505797, w: 1}
  m_LocalPosition: {x: -0.035227418, y: 0.000000038146972, z: -0.0000000040419397}
  m_LocalScale: {x: 1, y: 1, z: 1}
  m_Children: []
  m_Father: {fileID: 494374}
  m_RootOrder: 0
--- !u!4 &444136
Transform:
  m_ObjectHideFlags: 1
  m_PrefabParentObject: {fileID: 0}
  m_PrefabInternal: {fileID: 100100000}
  m_GameObject: {fileID: 189216}
  m_LocalRotation: {x: -0.07746313, y: -0.062639594, z: 0.7657781, w: 0.6353421}
  m_LocalPosition: {x: -0.043210592, y: 0.00000059977174, z: 0.0002332449}
  m_LocalScale: {x: 1.0000002, y: 1.0000002, z: 1.0000002}
  m_Children:
  - {fileID: 419764}
  m_Father: {fileID: 488590}
  m_RootOrder: 0
--- !u!4 &445576
Transform:
  m_ObjectHideFlags: 1
  m_PrefabParentObject: {fileID: 0}
  m_PrefabInternal: {fileID: 100100000}
  m_GameObject: {fileID: 142366}
  m_LocalRotation: {x: 0.0069039436, y: -0.043185305, z: 0.06984547, w: 0.9965987}
  m_LocalPosition: {x: -0.037029076, y: -0.000000019073486, z: -0.0000000047683715}
  m_LocalScale: {x: 1, y: 1, z: 1}
  m_Children:
  - {fileID: 461062}
  m_Father: {fileID: 463648}
  m_RootOrder: 0
--- !u!4 &446098
Transform:
  m_ObjectHideFlags: 1
  m_PrefabParentObject: {fileID: 0}
  m_PrefabInternal: {fileID: 100100000}
  m_GameObject: {fileID: 159982}
  m_LocalRotation: {x: 5.456968e-12, y: 0, z: -0, w: 1}
  m_LocalPosition: {x: -0.06659821, y: -0.0000000070780515, z: 0}
  m_LocalScale: {x: 1, y: 1, z: 1}
  m_Children: []
  m_Father: {fileID: 462742}
  m_RootOrder: 0
--- !u!4 &450704
Transform:
  m_ObjectHideFlags: 1
  m_PrefabParentObject: {fileID: 0}
  m_PrefabInternal: {fileID: 100100000}
  m_GameObject: {fileID: 124202}
  m_LocalRotation: {x: -0.00000031138046, y: -0.00000026787035, z: -0.18317446, w: 0.98308045}
  m_LocalPosition: {x: -0.011135368, y: -0.0000000047683715, z: -0.000000019073486}
  m_LocalScale: {x: 1.0000001, y: 0.9999998, z: 1}
  m_Children:
  - {fileID: 458840}
  m_Father: {fileID: 472930}
  m_RootOrder: 0
--- !u!4 &451550
Transform:
  m_ObjectHideFlags: 1
  m_PrefabParentObject: {fileID: 0}
  m_PrefabInternal: {fileID: 100100000}
  m_GameObject: {fileID: 101816}
  m_LocalRotation: {x: 5.6843412e-14, y: -7.1054265e-15, z: 4.0389669e-28, w: 1}
  m_LocalPosition: {x: -0.046396673, y: -0.000000009536743, z: 0.000000004411786}
  m_LocalScale: {x: 1.0000001, y: 1.0000001, z: 1}
  m_Children: []
  m_Father: {fileID: 439724}
  m_RootOrder: 0
--- !u!4 &457246
Transform:
  m_ObjectHideFlags: 1
  m_PrefabParentObject: {fileID: 0}
  m_PrefabInternal: {fileID: 100100000}
  m_GameObject: {fileID: 108674}
  m_LocalRotation: {x: 9.4013805e-15, y: 0.00000023822204, z: -0.00000003946478, w: 1}
  m_LocalPosition: {x: -0.02501235, y: 0.0000000047683715, z: 0.0000000023841857}
  m_LocalScale: {x: 1.0000002, y: 1.0000001, z: 1.0000001}
  m_Children: []
  m_Father: {fileID: 487834}
  m_RootOrder: 0
--- !u!4 &457958
Transform:
  m_ObjectHideFlags: 1
  m_PrefabParentObject: {fileID: 0}
  m_PrefabInternal: {fileID: 100100000}
  m_GameObject: {fileID: 104412}
  m_LocalRotation: {x: -0.0000000018626454, y: -0.000000002968591, z: -1.1641534e-10,
    w: 1}
  m_LocalPosition: {x: -0.025012342, y: 0, z: 0}
  m_LocalScale: {x: 1, y: 1, z: 1}
  m_Children: []
  m_Father: {fileID: 434110}
  m_RootOrder: 0
--- !u!4 &458840
Transform:
  m_ObjectHideFlags: 1
  m_PrefabParentObject: {fileID: 0}
  m_PrefabInternal: {fileID: 100100000}
  m_GameObject: {fileID: 122150}
  m_LocalRotation: {x: 0.00000010058284, y: 0.00000023096808, z: 0.000000014901143,
    w: 1}
  m_LocalPosition: {x: -0.009597482, y: 0.0000000047683715, z: 0.000000019073486}
  m_LocalScale: {x: 0.99999994, y: 0.9999998, z: 1.0000002}
  m_Children: []
  m_Father: {fileID: 450704}
  m_RootOrder: 0
--- !u!4 &461034
Transform:
  m_ObjectHideFlags: 1
  m_PrefabParentObject: {fileID: 0}
  m_PrefabInternal: {fileID: 100100000}
  m_GameObject: {fileID: 123364}
  m_LocalRotation: {x: -0.0006532542, y: -0.042164333, z: 0.0008379593, w: 0.99911016}
  m_LocalPosition: {x: -0.043163422, y: -1.4901161e-10, z: 0}
  m_LocalScale: {x: 1.0000001, y: 1.0000001, z: 1}
  m_Children:
  - {fileID: 462742}
  m_Father: {fileID: 488590}
  m_RootOrder: 1
--- !u!4 &461062
Transform:
  m_ObjectHideFlags: 1
  m_PrefabParentObject: {fileID: 0}
  m_PrefabInternal: {fileID: 100100000}
  m_GameObject: {fileID: 110182}
  m_LocalRotation: {x: -0.012224981, y: 0.16284642, z: 0.0105955005, w: 0.9865188}
  m_LocalPosition: {x: -0.04134519, y: 0.000000038146972, z: 0}
  m_LocalScale: {x: 1, y: 1, z: 1}
  m_Children:
  - {fileID: 435586}
  m_Father: {fileID: 445576}
  m_RootOrder: 0
--- !u!4 &462742
Transform:
  m_ObjectHideFlags: 1
  m_PrefabParentObject: {fileID: 0}
  m_PrefabInternal: {fileID: 100100000}
  m_GameObject: {fileID: 159780}
  m_LocalRotation: {x: -0.0009087502, y: -0.077251665, z: -0.000070412854, w: 0.99701124}
  m_LocalPosition: {x: -0.0296348, y: -7.4505804e-11, z: 0.0000000011920929}
  m_LocalScale: {x: 0.99999994, y: 0.99999994, z: 1}
  m_Children:
  - {fileID: 446098}
  - {fileID: 494374}
  - {fileID: 413960}
  - {fileID: 442136}
  - {fileID: 413746}
  - {fileID: 420384}
  - {fileID: 419520}
  m_Father: {fileID: 461034}
  m_RootOrder: 0
--- !u!4 &463648
Transform:
  m_ObjectHideFlags: 1
  m_PrefabParentObject: {fileID: 0}
  m_PrefabInternal: {fileID: 100100000}
  m_GameObject: {fileID: 109358}
  m_LocalRotation: {x: 0.078269474, y: -0.06255222, z: -0.76517063, w: 0.63598347}
  m_LocalPosition: {x: -0.043163422, y: 0.0000000059232113, z: 0.000000038146972}
  m_LocalScale: {x: 1.0000002, y: 1.0000002, z: 1.0000002}
  m_Children:
  - {fileID: 445576}
  m_Father: {fileID: 488590}
  m_RootOrder: 2
--- !u!4 &464572
Transform:
  m_ObjectHideFlags: 1
  m_PrefabParentObject: {fileID: 0}
  m_PrefabInternal: {fileID: 100100000}
  m_GameObject: {fileID: 116328}
  m_LocalRotation: {x: -0.00000020419472, y: -0.00000012307692, z: 0.51622206, w: 0.85645485}
  m_LocalPosition: {x: -0.03762803, y: -0.0000000047683715, z: 0.0000000023841857}
  m_LocalScale: {x: 1, y: 1, z: 1}
  m_Children:
  - {fileID: 469170}
  m_Father: {fileID: 434878}
  m_RootOrder: 0
--- !u!4 &466222
Transform:
  m_ObjectHideFlags: 1
  m_PrefabParentObject: {fileID: 0}
  m_PrefabInternal: {fileID: 100100000}
  m_GameObject: {fileID: 124408}
  m_LocalRotation: {x: -0.7077353, y: -0.07512937, z: 0.007271864, w: 0.70243394}
  m_LocalPosition: {x: -0.021093644, y: -0.0033477591, z: 0.0061667454}
  m_LocalScale: {x: 1.0000004, y: 1.0000002, z: 1.0000001}
  m_Children:
  - {fileID: 478028}
  m_Father: {fileID: 435364}
  m_RootOrder: 1
--- !u!4 &467734
Transform:
  m_ObjectHideFlags: 1
  m_PrefabParentObject: {fileID: 0}
  m_PrefabInternal: {fileID: 100100000}
  m_GameObject: {fileID: 159058}
  m_LocalRotation: {x: 0.0002626439, y: -0.09091874, z: 0.0029000011, w: 0.9958541}
  m_LocalPosition: {x: -0.010075397, y: 0.000000009536743, z: 0.000000019073486}
  m_LocalScale: {x: 1, y: 0.9999998, z: 1.0000001}
  m_Children: []
  m_Father: {fileID: 440396}
  m_RootOrder: 0
--- !u!4 &468804
Transform:
  m_ObjectHideFlags: 1
  m_PrefabParentObject: {fileID: 0}
  m_PrefabInternal: {fileID: 100100000}
  m_GameObject: {fileID: 161580}
  m_LocalRotation: {x: -0.0000000037252903, y: -0.000000007450581, z: -0.000000014901161,
    w: 1}
  m_LocalPosition: {x: -0.012057361, y: 0.000000019073486, z: -0.0000000011920929}
  m_LocalScale: {x: 1, y: 1, z: 1}
  m_Children: []
  m_Father: {fileID: 419520}
  m_RootOrder: 0
--- !u!4 &469170
Transform:
  m_ObjectHideFlags: 1
  m_PrefabParentObject: {fileID: 0}
  m_PrefabInternal: {fileID: 100100000}
  m_GameObject: {fileID: 125174}
  m_LocalRotation: {x: 0.022568323, y: -0.0427689, z: 0.8663714, w: -0.4970535}
  m_LocalPosition: {x: -0.039494563, y: -0.0000000023841857, z: 0.0000000047683715}
  m_LocalScale: {x: 1, y: 1, z: 1}
  m_Children:
  - {fileID: 434110}
  m_Father: {fileID: 464572}
  m_RootOrder: 0
--- !u!4 &472888
Transform:
  m_ObjectHideFlags: 1
  m_PrefabParentObject: {fileID: 0}
  m_PrefabInternal: {fileID: 100100000}
  m_GameObject: {fileID: 150014}
  m_LocalRotation: {x: -0.70732164, y: -0.11356899, z: 0.030877301, w: 0.6970257}
  m_LocalPosition: {x: -0.025296086, y: -0.0013201332, z: -0.0027245115}
  m_LocalScale: {x: 1.0000004, y: 1.0000002, z: 1.0000002}
  m_Children:
  - {fileID: 498342}
  m_Father: {fileID: 435364}
  m_RootOrder: 3
--- !u!4 &472930
Transform:
  m_ObjectHideFlags: 1
  m_PrefabParentObject: {fileID: 0}
  m_PrefabInternal: {fileID: 100100000}
  m_GameObject: {fileID: 115970}
  m_LocalRotation: {x: -0.648188, y: 0.09090079, z: 0.284434, w: 0.7004903}
  m_LocalPosition: {x: -0.012746487, y: -0.0025737952, z: 0.009356317}
  m_LocalScale: {x: 1.0000001, y: 1.0000004, z: 1.0000001}
  m_Children:
  - {fileID: 450704}
  m_Father: {fileID: 435364}
  m_RootOrder: 4
--- !u!4 &473330
Transform:
  m_ObjectHideFlags: 1
  m_PrefabParentObject: {fileID: 0}
  m_PrefabInternal: {fileID: 100100000}
  m_GameObject: {fileID: 156668}
  m_LocalRotation: {x: -0.7071068, y: 0, z: -0, w: 0.7071068}
  m_LocalPosition: {x: -0.000020395517, y: 0, z: -0.0002761936}
  m_LocalScale: {x: 0.4144992, y: 0.4144992, z: 0.4144992}
  m_Children: []
  m_Father: {fileID: 438490}
  m_RootOrder: 2
--- !u!4 &475444
Transform:
  m_ObjectHideFlags: 1
  m_PrefabParentObject: {fileID: 0}
  m_PrefabInternal: {fileID: 100100000}
  m_GameObject: {fileID: 126694}
  m_LocalRotation: {x: 0.00000008940697, y: -0.000000014901112, z: 0.00000050663937,
    w: 1}
  m_LocalPosition: {x: -0.012057361, y: 0, z: 0.0000000011920929}
  m_LocalScale: {x: 1.0000002, y: 1, z: 1.0000001}
  m_Children: []
  m_Father: {fileID: 442136}
  m_RootOrder: 0
--- !u!4 &478028
Transform:
  m_ObjectHideFlags: 1
  m_PrefabParentObject: {fileID: 0}
  m_PrefabInternal: {fileID: 100100000}
  m_GameObject: {fileID: 133038}
  m_LocalRotation: {x: 0.00008176477, y: -0.07293433, z: 0.0011180461, w: 0.99733615}
  m_LocalPosition: {x: -0.011310072, y: -0.000000010728836, z: 0.000000038146972}
  m_LocalScale: {x: 0.99999994, y: 0.99999994, z: 1.0000001}
  m_Children:
  - {fileID: 419992}
  m_Father: {fileID: 466222}
  m_RootOrder: 0
--- !u!4 &478206
Transform:
  m_ObjectHideFlags: 1
  m_PrefabParentObject: {fileID: 0}
  m_PrefabInternal: {fileID: 100100000}
  m_GameObject: {fileID: 120030}
  m_LocalRotation: {x: -0.0002623988, y: -0.09091897, z: -0.0028999925, w: 0.9958541}
  m_LocalPosition: {x: -0.010075354, y: -0.000000011920928, z: 0}
  m_LocalScale: {x: 1.0000002, y: 0.99999976, z: 1}
  m_Children: []
  m_Father: {fileID: 438862}
  m_RootOrder: 0
--- !u!4 &478480
Transform:
  m_ObjectHideFlags: 1
  m_PrefabParentObject: {fileID: 0}
  m_PrefabInternal: {fileID: 100100000}
  m_GameObject: {fileID: 141982}
  m_LocalRotation: {x: -9.313239e-10, y: 0.00000022549636, z: 0.000000006984916, w: 1}
  m_LocalPosition: {x: -0.017906684, y: -0.0000008392334, z: -0.000000019073486}
  m_LocalScale: {x: 1.0000005, y: 1.0000002, z: 1.0000001}
  m_Children: []
  m_Father: {fileID: 435364}
  m_RootOrder: 0
--- !u!4 &484924
Transform:
  m_ObjectHideFlags: 1
  m_PrefabParentObject: {fileID: 0}
  m_PrefabInternal: {fileID: 100100000}
  m_GameObject: {fileID: 190776}
  m_LocalRotation: {x: 0.00000008733019, y: -0.11686558, z: 0.0000000030087615, w: 0.99314773}
  m_LocalPosition: {x: -0.01034346, y: -0.000000044703484, z: -0.000000019073486}
  m_LocalScale: {x: 1.0000001, y: 1, z: 0.9999999}
  m_Children: []
  m_Father: {fileID: 498342}
  m_RootOrder: 0
--- !u!4 &486418
Transform:
  m_ObjectHideFlags: 1
  m_PrefabParentObject: {fileID: 0}
  m_PrefabInternal: {fileID: 100100000}
  m_GameObject: {fileID: 179252}
  m_LocalRotation: {x: -0.7071068, y: 0, z: -0, w: 0.7071068}
  m_LocalPosition: {x: -0.000020395517, y: 0, z: -0.0002761936}
  m_LocalScale: {x: 0.4144992, y: 0.4144992, z: 0.4144992}
  m_Children: []
  m_Father: {fileID: 438490}
  m_RootOrder: 3
--- !u!4 &487834
Transform:
  m_ObjectHideFlags: 1
  m_PrefabParentObject: {fileID: 0}
  m_PrefabInternal: {fileID: 100100000}
  m_GameObject: {fileID: 161744}
  m_LocalRotation: {x: 0.000000002747132, y: -0.000000017340637, z: 0.15647033, w: 0.9876827}
  m_LocalPosition: {x: -0.04264898, y: -0.0000000023841857, z: -0.000000007152557}
  m_LocalScale: {x: 0.99999976, y: 0.99999994, z: 0.99999994}
  m_Children:
  - {fileID: 457246}
  m_Father: {fileID: 406334}
  m_RootOrder: 0
--- !u!4 &488184
Transform:
  m_ObjectHideFlags: 1
  m_PrefabParentObject: {fileID: 0}
  m_PrefabInternal: {fileID: 100100000}
  m_GameObject: {fileID: 162124}
  m_LocalRotation: {x: -0.092006266, y: -0.092006154, z: -0.7010955, w: 0.70109546}
  m_LocalPosition: {x: 0.000520524, y: 0.05616614, z: 0.005008243}
  m_LocalScale: {x: 1, y: 1, z: 1}
  m_Children:
  - {fileID: 421560}
  - {fileID: 434878}
  - {fileID: 499378}
  - {fileID: 440756}
  m_Father: {fileID: 438490}
  m_RootOrder: 1
--- !u!4 &488590
Transform:
  m_ObjectHideFlags: 1
  m_PrefabParentObject: {fileID: 0}
  m_PrefabInternal: {fileID: 100100000}
  m_GameObject: {fileID: 115572}
  m_LocalRotation: {x: -0.00221661, y: 0.09961082, z: -0.0006329548, w: 0.99502385}
  m_LocalPosition: {x: -0.054891422, y: 0.0000000020861626, z: -0.0000000011920929}
  m_LocalScale: {x: 0.9999999, y: 0.9999999, z: 0.9999999}
  m_Children:
  - {fileID: 444136}
  - {fileID: 461034}
  - {fileID: 463648}
  m_Father: {fileID: 499378}
  m_RootOrder: 0
--- !u!4 &490934
Transform:
  m_ObjectHideFlags: 1
  m_PrefabParentObject: {fileID: 0}
  m_PrefabInternal: {fileID: 100100000}
  m_GameObject: {fileID: 150684}
  m_LocalRotation: {x: 0.000000009660347, y: 0.0000000014120456, z: 0.14463271, w: 0.98948544}
  m_LocalPosition: {x: -0.039808873, y: -0.000000028610229, z: 0.0000000039350017}
  m_LocalScale: {x: 1, y: 1, z: 1}
  m_Children:
  - {fileID: 439724}
  m_Father: {fileID: 421324}
  m_RootOrder: 0
--- !u!4 &493936
Transform:
  m_ObjectHideFlags: 1
  m_PrefabParentObject: {fileID: 0}
  m_PrefabInternal: {fileID: 100100000}
  m_GameObject: {fileID: 154870}
  m_LocalRotation: {x: -0.0000000059597642, y: -0.000000008689274, z: 0.18317437,
    w: 0.98308045}
  m_LocalPosition: {x: -0.011135325, y: 0.000000009536743, z: 0.000000019073486}
  m_LocalScale: {x: 1.0000001, y: 1.0000001, z: 1}
  m_Children:
  - {fileID: 433922}
  m_Father: {fileID: 437090}
  m_RootOrder: 0
--- !u!4 &494374
Transform:
  m_ObjectHideFlags: 1
  m_PrefabParentObject: {fileID: 0}
  m_PrefabInternal: {fileID: 100100000}
  m_GameObject: {fileID: 197510}
  m_LocalRotation: {x: -0.43989128, y: 0.5534442, z: 0.5531219, w: 0.4407395}
  m_LocalPosition: {x: -0.012687072, y: -0.0004976941, z: 0.021478571}
  m_LocalScale: {x: 1.0000002, y: 1, z: 1.0000001}
  m_Children:
  - {fileID: 442224}
  m_Father: {fileID: 462742}
  m_RootOrder: 1
--- !u!4 &495882
Transform:
  m_ObjectHideFlags: 1
  m_PrefabParentObject: {fileID: 0}
  m_PrefabInternal: {fileID: 100100000}
  m_GameObject: {fileID: 142706}
  m_LocalRotation: {x: 0.7077353, y: -0.07512951, z: -0.007271849, w: 0.70243394}
  m_LocalPosition: {x: -0.021093663, y: 0.0033477782, z: 0.0061667645}
  m_LocalScale: {x: 1, y: 1, z: 1}
  m_Children:
  - {fileID: 414042}
  m_Father: {fileID: 435586}
  m_RootOrder: 1
--- !u!4 &496170
Transform:
  m_ObjectHideFlags: 1
  m_PrefabParentObject: {fileID: 0}
  m_PrefabInternal: {fileID: 100100000}
  m_GameObject: {fileID: 181206}
  m_LocalRotation: {x: 0.70732164, y: -0.11356902, z: -0.030877156, w: 0.69702566}
  m_LocalPosition: {x: -0.025296114, y: 0.0013201523, z: -0.0027244757}
  m_LocalScale: {x: 1, y: 1.0000001, z: 1.0000001}
  m_Children:
  - {fileID: 428782}
  m_Father: {fileID: 435586}
  m_RootOrder: 3
--- !u!4 &498342
Transform:
  m_ObjectHideFlags: 1
  m_PrefabParentObject: {fileID: 0}
  m_PrefabInternal: {fileID: 100100000}
  m_GameObject: {fileID: 134526}
  m_LocalRotation: {x: -0.00078651716, y: -0.1168625, z: -0.0066820434, w: 0.9931253}
  m_LocalPosition: {x: -0.009950771, y: -0.00000003159046, z: 0}
  m_LocalScale: {x: 1, y: 1.0000002, z: 0.9999998}
  m_Children:
  - {fileID: 484924}
  m_Father: {fileID: 472888}
  m_RootOrder: 0
--- !u!4 &499378
Transform:
  m_ObjectHideFlags: 1
  m_PrefabParentObject: {fileID: 0}
  m_PrefabInternal: {fileID: 100100000}
  m_GameObject: {fileID: 194798}
  m_LocalRotation: {x: 0.0034865343, y: 0.13011572, z: -0.0004575454, w: 0.9914926}
  m_LocalPosition: {x: -0.041867595, y: -0.0000000051781535, z: 0.0000000011920929}
  m_LocalScale: {x: 1, y: 1, z: 1}
  m_Children:
  - {fileID: 488590}
  m_Father: {fileID: 488184}
  m_RootOrder: 2
--- !u!4 &499982
Transform:
  m_ObjectHideFlags: 1
  m_PrefabParentObject: {fileID: 0}
  m_PrefabInternal: {fileID: 100100000}
  m_GameObject: {fileID: 145832}
  m_LocalRotation: {x: 0.01222487, y: 0.16284649, z: -0.010595627, w: 0.9865188}
  m_LocalPosition: {x: -0.041345205, y: 0.000000019073486, z: 0.00000001847744}
  m_LocalScale: {x: 0.9999998, y: 0.9999998, z: 1.0000004}
  m_Children:
  - {fileID: 435364}
  m_Father: {fileID: 419764}
  m_RootOrder: 0
--- !u!111 &11181678
Animation:
  m_ObjectHideFlags: 1
  m_PrefabParentObject: {fileID: 0}
  m_PrefabInternal: {fileID: 100100000}
  m_GameObject: {fileID: 154132}
  m_Enabled: 1
  serializedVersion: 3
  m_Animation: {fileID: 7400008, guid: 0c5fe99d9ff414709892d59ccc7d5ef0, type: 3}
  m_Animations:
  - {fileID: 7400006, guid: 0c5fe99d9ff414709892d59ccc7d5ef0, type: 3}
  - {fileID: 7400022, guid: 0c5fe99d9ff414709892d59ccc7d5ef0, type: 3}
  - {fileID: 7400008, guid: 0c5fe99d9ff414709892d59ccc7d5ef0, type: 3}
  - {fileID: 7400002, guid: 0c5fe99d9ff414709892d59ccc7d5ef0, type: 3}
  - {fileID: 7400018, guid: 0c5fe99d9ff414709892d59ccc7d5ef0, type: 3}
  - {fileID: 7400010, guid: 0c5fe99d9ff414709892d59ccc7d5ef0, type: 3}
  - {fileID: 7400020, guid: 0c5fe99d9ff414709892d59ccc7d5ef0, type: 3}
  - {fileID: 7400000, guid: 0c5fe99d9ff414709892d59ccc7d5ef0, type: 3}
  - {fileID: 7400016, guid: 0c5fe99d9ff414709892d59ccc7d5ef0, type: 3}
  - {fileID: 7400012, guid: 0c5fe99d9ff414709892d59ccc7d5ef0, type: 3}
  - {fileID: 7400004, guid: 0c5fe99d9ff414709892d59ccc7d5ef0, type: 3}
  - {fileID: 7400014, guid: 0c5fe99d9ff414709892d59ccc7d5ef0, type: 3}
  - {fileID: 7400000, guid: f81f8c4b11a5c47099787a2793e02f5d, type: 3}
  - {fileID: 7400002, guid: f81f8c4b11a5c47099787a2793e02f5d, type: 3}
  - {fileID: 7400004, guid: f81f8c4b11a5c47099787a2793e02f5d, type: 3}
  - {fileID: 7400016, guid: ebfd801a0b92d4d309b42a9eea29d3af, type: 3}
  - {fileID: 7400012, guid: ebfd801a0b92d4d309b42a9eea29d3af, type: 3}
  - {fileID: 7400008, guid: ebfd801a0b92d4d309b42a9eea29d3af, type: 3}
  - {fileID: 7400010, guid: ebfd801a0b92d4d309b42a9eea29d3af, type: 3}
  - {fileID: 7400002, guid: ebfd801a0b92d4d309b42a9eea29d3af, type: 3}
  - {fileID: 7400004, guid: ebfd801a0b92d4d309b42a9eea29d3af, type: 3}
  - {fileID: 7400006, guid: ebfd801a0b92d4d309b42a9eea29d3af, type: 3}
  - {fileID: 7400014, guid: ebfd801a0b92d4d309b42a9eea29d3af, type: 3}
  m_WrapMode: 0
  m_PlayAutomatically: 1
  m_AnimatePhysics: 0
  m_CullingType: 1
--- !u!137 &13722668
SkinnedMeshRenderer:
  m_ObjectHideFlags: 1
  m_PrefabParentObject: {fileID: 0}
  m_PrefabInternal: {fileID: 100100000}
  m_GameObject: {fileID: 156668}
  m_Enabled: 1
  m_CastShadows: 1
  m_ReceiveShadows: 1
  m_Materials:
  - {fileID: 2100000, guid: 220adf039ac0c454d8dc0a8cafc4445f, type: 2}
  m_SubsetIndices: 
  m_StaticBatchRoot: {fileID: 0}
  m_UseLightProbes: 1
  m_ReflectionProbeUsage: 1
  m_ProbeAnchor: {fileID: 0}
  m_ScaleInLightmap: 1
  m_PreserveUVs: 0
  m_IgnoreNormalsForChartDetection: 0
  m_ImportantGI: 0
  m_MinimumChartSize: 4
  m_AutoUVMaxDistance: 0.5
  m_AutoUVMaxAngle: 89
  m_LightmapParameters: {fileID: 0}
  m_SortingLayerID: 0
  m_SortingOrder: 0
  serializedVersion: 2
  m_Quality: 0
  m_UpdateWhenOffscreen: 0
  m_Mesh: {fileID: 4300000, guid: f870d3531629a45c48cda55e99ad01ca, type: 3}
  m_Bones:
  - {fileID: 488184}
  - {fileID: 421560}
  - {fileID: 403636}
  - {fileID: 499378}
  - {fileID: 488590}
  - {fileID: 440756}
  - {fileID: 421324}
  - {fileID: 444136}
  - {fileID: 419764}
  - {fileID: 463648}
  - {fileID: 462742}
  - {fileID: 499982}
  - {fileID: 494374}
  - {fileID: 406334}
  - {fileID: 434878}
  - {fileID: 464572}
  - {fileID: 469170}
  - {fileID: 490934}
  - {fileID: 439724}
  - {fileID: 435364}
  - {fileID: 478480}
  - {fileID: 411830}
  - {fileID: 472930}
  - {fileID: 450704}
  - {fileID: 466222}
  - {fileID: 478028}
  - {fileID: 438862}
  - {fileID: 472888}
  - {fileID: 498342}
  - {fileID: 413746}
  - {fileID: 445576}
  - {fileID: 487834}
  - {fileID: 461062}
  - {fileID: 435586}
  - {fileID: 429434}
  - {fileID: 435874}
  - {fileID: 437090}
  - {fileID: 493936}
  - {fileID: 495882}
  - {fileID: 414042}
  - {fileID: 440396}
  - {fileID: 496170}
  - {fileID: 428782}
  - {fileID: 434110}
  - {fileID: 413960}
  - {fileID: 442136}
  - {fileID: 419520}
  - {fileID: 420384}
  m_BlendShapeWeights: []
  m_RootBone: {fileID: 488184}
  m_AABB:
    m_Center: {x: -0.091937765, y: -0.00051146746, z: -0.0075996667}
    m_Extent: {x: 0.14418687, y: 0.15667401, z: 0.15897585}
  m_DirtyAABB: 0
--- !u!137 &13736968
SkinnedMeshRenderer:
  m_ObjectHideFlags: 1
  m_PrefabParentObject: {fileID: 0}
  m_PrefabInternal: {fileID: 100100000}
  m_GameObject: {fileID: 179252}
  m_Enabled: 1
  m_CastShadows: 1
  m_ReceiveShadows: 1
  m_Materials:
  - {fileID: 2100000, guid: 55e8db0f663ed42349fba4fc779fd673, type: 2}
  m_SubsetIndices: 
  m_StaticBatchRoot: {fileID: 0}
  m_UseLightProbes: 1
  m_ReflectionProbeUsage: 1
  m_ProbeAnchor: {fileID: 0}
  m_ScaleInLightmap: 1
  m_PreserveUVs: 0
  m_IgnoreNormalsForChartDetection: 0
  m_ImportantGI: 0
  m_MinimumChartSize: 4
  m_AutoUVMaxDistance: 0.5
  m_AutoUVMaxAngle: 89
  m_LightmapParameters: {fileID: 0}
  m_SortingLayerID: 0
  m_SortingOrder: 0
  serializedVersion: 2
  m_Quality: 0
  m_UpdateWhenOffscreen: 0
  m_Mesh: {fileID: 4300002, guid: f870d3531629a45c48cda55e99ad01ca, type: 3}
  m_Bones:
  - {fileID: 462742}
  - {fileID: 499378}
  - {fileID: 488590}
  - {fileID: 463648}
  - {fileID: 445576}
  - {fileID: 444136}
  - {fileID: 488184}
  - {fileID: 419764}
  - {fileID: 494374}
  - {fileID: 406334}
  - {fileID: 487834}
  - {fileID: 469170}
  - {fileID: 434110}
  - {fileID: 421560}
  - {fileID: 403636}
  - {fileID: 434878}
  - {fileID: 464572}
  m_BlendShapeWeights: []
  m_RootBone: {fileID: 488184}
  m_AABB:
    m_Center: {x: -0.09135111, y: -0.0047804266, z: 0.039534166}
    m_Extent: {x: 0.17629765, y: 0.06537096, z: 0.07734418}
  m_DirtyAABB: 0
--- !u!137 &13771826
SkinnedMeshRenderer:
  m_ObjectHideFlags: 1
  m_PrefabParentObject: {fileID: 0}
  m_PrefabInternal: {fileID: 100100000}
  m_GameObject: {fileID: 173666}
  m_Enabled: 1
  m_CastShadows: 1
  m_ReceiveShadows: 1
  m_Materials:
  - {fileID: 2100000, guid: 220adf039ac0c454d8dc0a8cafc4445f, type: 2}
  m_SubsetIndices: 
  m_StaticBatchRoot: {fileID: 0}
  m_UseLightProbes: 1
  m_ReflectionProbeUsage: 1
  m_ProbeAnchor: {fileID: 0}
  m_ScaleInLightmap: 1
  m_PreserveUVs: 0
  m_IgnoreNormalsForChartDetection: 0
  m_ImportantGI: 0
  m_MinimumChartSize: 4
  m_AutoUVMaxDistance: 0.5
  m_AutoUVMaxAngle: 89
  m_LightmapParameters: {fileID: 0}
  m_SortingLayerID: 0
  m_SortingOrder: 0
  serializedVersion: 2
  m_Quality: 0
  m_UpdateWhenOffscreen: 0
  m_Mesh: {fileID: 4300006, guid: f870d3531629a45c48cda55e99ad01ca, type: 3}
  m_Bones:
  - {fileID: 488184}
  - {fileID: 421560}
  - {fileID: 499378}
  - {fileID: 488590}
  - {fileID: 463648}
  - {fileID: 445576}
  - {fileID: 462742}
  - {fileID: 494374}
  - {fileID: 444136}
  - {fileID: 419764}
  - {fileID: 499982}
  - {fileID: 440756}
  - {fileID: 421324}
  - {fileID: 461062}
  - {fileID: 435364}
  - {fileID: 434878}
  - {fileID: 403636}
  - {fileID: 464572}
  - {fileID: 406334}
  - {fileID: 472930}
  - {fileID: 466222}
  - {fileID: 411830}
  - {fileID: 450704}
  - {fileID: 435586}
  - {fileID: 469170}
  - {fileID: 437090}
  - {fileID: 495882}
  - {fileID: 435874}
  - {fileID: 493936}
  - {fileID: 419520}
  - {fileID: 434110}
  - {fileID: 487834}
  - {fileID: 490934}
  m_BlendShapeWeights: []
  m_RootBone: {fileID: 488184}
  m_AABB:
    m_Center: {x: -0.101036906, y: -0.00043370202, z: 0.02211029}
    m_Extent: {x: 0.17856401, y: 0.07092586, z: 0.086768806}
  m_DirtyAABB: 0
--- !u!137 &13774742
SkinnedMeshRenderer:
  m_ObjectHideFlags: 1
  m_PrefabParentObject: {fileID: 0}
  m_PrefabInternal: {fileID: 100100000}
  m_GameObject: {fileID: 199336}
  m_Enabled: 1
  m_CastShadows: 1
  m_ReceiveShadows: 1
  m_Materials:
  - {fileID: 2100000, guid: 54b8a50d43e8742099ab97e8fc2289ad, type: 2}
  m_SubsetIndices: 
  m_StaticBatchRoot: {fileID: 0}
  m_UseLightProbes: 1
  m_ReflectionProbeUsage: 1
  m_ProbeAnchor: {fileID: 0}
  m_ScaleInLightmap: 1
  m_PreserveUVs: 0
  m_IgnoreNormalsForChartDetection: 0
  m_ImportantGI: 0
  m_MinimumChartSize: 4
  m_AutoUVMaxDistance: 0.5
  m_AutoUVMaxAngle: 89
  m_LightmapParameters: {fileID: 0}
  m_SortingLayerID: 0
  m_SortingOrder: 0
  serializedVersion: 2
  m_Quality: 0
  m_UpdateWhenOffscreen: 0
  m_Mesh: {fileID: 4300004, guid: f870d3531629a45c48cda55e99ad01ca, type: 3}
  m_Bones:
  - {fileID: 488184}
  - {fileID: 499378}
  - {fileID: 488590}
  - {fileID: 463648}
  - {fileID: 445576}
  - {fileID: 461062}
  - {fileID: 462742}
  - {fileID: 444136}
  - {fileID: 440756}
  - {fileID: 494374}
  - {fileID: 419764}
  - {fileID: 435586}
  - {fileID: 434878}
  - {fileID: 421324}
  - {fileID: 464572}
  - {fileID: 421560}
  - {fileID: 437090}
  - {fileID: 499982}
  - {fileID: 403636}
  - {fileID: 495882}
  - {fileID: 435874}
  - {fileID: 493936}
  - {fileID: 435364}
  - {fileID: 472930}
  - {fileID: 466222}
  - {fileID: 411830}
  - {fileID: 450704}
  - {fileID: 490934}
  - {fileID: 469170}
  - {fileID: 406334}
  - {fileID: 413746}
  - {fileID: 434110}
  - {fileID: 487834}
  m_BlendShapeWeights: []
  m_RootBone: {fileID: 488184}
  m_AABB:
    m_Center: {x: -0.098087475, y: -0.00043124706, z: 0.040399347}
    m_Extent: {x: 0.18174638, y: 0.08004374, z: 0.0873113}
  m_DirtyAABB: 0
--- !u!1001 &100100000
Prefab:
  m_ObjectHideFlags: 1
  serializedVersion: 2
  m_Modification:
    m_TransformParent: {fileID: 0}
    m_Modifications: []
    m_RemovedComponents: []
  m_ParentPrefab: {fileID: 0}
  m_RootGameObject: {fileID: 154132}
  m_IsPrefabParent: 1
